
<record>
  <leader>00816cz  a2200181n  4500</leader>
  <controlfield tag="001">11174897</controlfield>
  <controlfield tag="003">DLC</controlfield>
  <controlfield tag="005">20200101073125.0</controlfield>
  <controlfield tag="008">190923n| azannaabn          |n aaa      </controlfield>
  <datafield tag="010" ind1=" " ind2=" ">
    <subfield code="a">n 2019186560</subfield>
  </datafield>
  <datafield tag="035" ind1=" " ind2=" ">
    <subfield code="a">(DNLM)1828117</subfield>
  </datafield>
  <datafield tag="035" ind1=" " ind2=" ">
    <subfield code="a">(OCoLC)oca12456143</subfield>
  </datafield>
  <datafield tag="040" ind1=" " ind2=" ">
    <subfield code="a">DNLM</subfield>
    <subfield code="b">eng</subfield>
    <subfield code="e">rda</subfield>
    <subfield code="c">DNLM</subfield>
    <subfield code="d">DNLM</subfield>
  </datafield>
  <datafield tag="100" ind1="1" ind2=" ">
    <subfield code="a">Hales, Susie A.</subfield>
  </datafield>
  <datafield tag="372" ind1=" " ind2=" ">
    <subfield code="a">Psychology, Clinical</subfield>
    <subfield code="2">mesh</subfield>
  </datafield>
  <datafield tag="373" ind1=" " ind2=" ">
    <subfield code="a">University of Oxford</subfield>
    <subfield code="2">naf</subfield>
  </datafield>
  <datafield tag="670" ind1=" " ind2=" ">
    <subfield code="a">Imagery-based cognitive therapy for bipolar disorder and mood instability, 2019:</subfield>
    <subfield code="b">title page (Susie A. Hales) page vii (DClinPsy; research tutor and clinical psychologist at the Oxford Institute of Clinical Psychology Training, University of Oxford, and Oxford Health NHS Foundation Trust, United Kingdom)</subfield>
  </datafield>
  <datafield tag="670" ind1=" " ind2=" ">
    <subfield code="a">Imagery-based cognitive-behavioral assessment, 2015:</subfield>
    <subfield code="b">title page (Susie Hales)</subfield>
  </datafield>
</record>