
<record>
  <leader>00953cz  a2200193n  4500</leader>
  <controlfield tag="001">11210878</controlfield>
  <controlfield tag="003">DLC</controlfield>
  <controlfield tag="005">20200101073125.0</controlfield>
  <controlfield tag="008">191031n| azannaabn          |a ana     c</controlfield>
  <datafield tag="010" ind1=" " ind2=" ">
    <subfield code="a">no2019161108</subfield>
  </datafield>
  <datafield tag="035" ind1=" " ind2=" ">
    <subfield code="a">(OCoLC)oca12543079</subfield>
  </datafield>
  <datafield tag="040" ind1=" " ind2=" ">
    <subfield code="a">ICU</subfield>
    <subfield code="b">eng</subfield>
    <subfield code="e">rda</subfield>
    <subfield code="c">ICU</subfield>
    <subfield code="d">ICU</subfield>
  </datafield>
  <datafield tag="046" ind1=" " ind2=" ">
    <subfield code="s">1939</subfield>
    <subfield code="t">1945</subfield>
    <subfield code="2">edtf</subfield>
  </datafield>
  <datafield tag="110" ind1="2" ind2=" ">
    <subfield code="a">Czech-American National Alliance.</subfield>
    <subfield code="b">Odbočka v Cedar Rapids, Iowa</subfield>
  </datafield>
  <datafield tag="368" ind1=" " ind2=" ">
    <subfield code="a">Czech Americans--Societies, etc.</subfield>
    <subfield code="2">lcsh</subfield>
  </datafield>
  <datafield tag="370" ind1=" " ind2=" ">
    <subfield code="e">Cedar Rapids (Iowa)</subfield>
    <subfield code="2">naf</subfield>
  </datafield>
  <datafield tag="410" ind1="2" ind2=" ">
    <subfield code="w">nne</subfield>
    <subfield code="a">České národní sdružení.</subfield>
    <subfield code="b">Odbočka v Cedar Rapids, Iowa</subfield>
  </datafield>
  <datafield tag="410" ind1="2" ind2=" ">
    <subfield code="a">Odbočka Č.N.S. v Cedar Rapids</subfield>
  </datafield>
  <datafield tag="670" ind1=" " ind2=" ">
    <subfield code="a">Památník Českého národního sdruženi v druhém odboji, 1945:</subfield>
    <subfield code="b">unnumbered page 3 (... Odbočky Českého Národního Sdružení v Cedar Rapids, Iowa) unnumbered 5 (formed in 1939) unnumbered page 7 (... Odbočky Č.N.S. v Cedar Rapids) unnumbered page 13 (planned to bring its activities to an end in November 1945)</subfield>
  </datafield>
</record>