
<record>
  <leader>00833cz  a2200181n  4500</leader>
  <controlfield tag="001">11211286</controlfield>
  <controlfield tag="003">DLC</controlfield>
  <controlfield tag="005">20200101073125.0</controlfield>
  <controlfield tag="008">191031n| azannaabn          |a ana     c</controlfield>
  <datafield tag="010" ind1=" " ind2=" ">
    <subfield code="a">no2019161571</subfield>
  </datafield>
  <datafield tag="035" ind1=" " ind2=" ">
    <subfield code="a">(OCoLC)oca12545752</subfield>
  </datafield>
  <datafield tag="040" ind1=" " ind2=" ">
    <subfield code="a">ICU</subfield>
    <subfield code="b">eng</subfield>
    <subfield code="e">rda</subfield>
    <subfield code="c">ICU</subfield>
    <subfield code="d">ICU</subfield>
  </datafield>
  <datafield tag="046" ind1=" " ind2=" ">
    <subfield code="s">1939-08-03</subfield>
    <subfield code="2">edtf</subfield>
  </datafield>
  <datafield tag="110" ind1="2" ind2=" ">
    <subfield code="a">Czech-American National Alliance.</subfield>
    <subfield code="b">Krajský výbor státu Iowa</subfield>
  </datafield>
  <datafield tag="370" ind1=" " ind2=" ">
    <subfield code="e">Iowa</subfield>
    <subfield code="2">naf</subfield>
  </datafield>
  <datafield tag="410" ind1="2" ind2=" ">
    <subfield code="w">nne</subfield>
    <subfield code="a">České národní sdružení.</subfield>
    <subfield code="b">Krajský výbor státu Iowa</subfield>
  </datafield>
  <datafield tag="410" ind1="2" ind2=" ">
    <subfield code="a">České národní sdružení.</subfield>
    <subfield code="b">Krajský výbor pro stát Iowu</subfield>
  </datafield>
  <datafield tag="670" ind1=" " ind2=" ">
    <subfield code="a">Památník Českého národního sdruženi v druhém odboji, 1945:</subfield>
    <subfield code="b">unnumbered page 19 (... Krajského výboru státu Iowa) unnumbered page 70 (Krajský Výbor Českého Národího Sdružení pro stát Iowu; founded 3 August 1939)</subfield>
  </datafield>
</record>