
<record>
  <leader>01375cz  a2200217n  4500</leader>
  <controlfield tag="001">11254907</controlfield>
  <controlfield tag="003">DLC</controlfield>
  <controlfield tag="005">20200101213936.0</controlfield>
  <controlfield tag="008">191225n| azannaabn          |a ana      </controlfield>
  <datafield tag="010" ind1=" " ind2=" ">
    <subfield code="a">n 2019245300</subfield>
  </datafield>
  <datafield tag="040" ind1=" " ind2=" ">
    <subfield code="a">DLC</subfield>
    <subfield code="b">eng</subfield>
    <subfield code="e">rda</subfield>
    <subfield code="c">DLC</subfield>
  </datafield>
  <datafield tag="046" ind1=" " ind2=" ">
    <subfield code="s">2012-11-17</subfield>
    <subfield code="t">2012-11-17</subfield>
    <subfield code="2">edtf</subfield>
  </datafield>
  <datafield tag="111" ind1="2" ind2=" ">
    <subfield code="a">MGMI Seminar on Sustainable Development of Energy Sector: Challenges Ahead</subfield>
    <subfield code="d">(2012 :</subfield>
    <subfield code="c">Kolkata, India)</subfield>
  </datafield>
  <datafield tag="368" ind1=" " ind2=" ">
    <subfield code="a">Seminars</subfield>
    <subfield code="2">lcsh</subfield>
  </datafield>
  <datafield tag="370" ind1=" " ind2=" ">
    <subfield code="e">Kolkata (India)</subfield>
    <subfield code="2">naf</subfield>
  </datafield>
  <datafield tag="377" ind1=" " ind2=" ">
    <subfield code="a">eng</subfield>
  </datafield>
  <datafield tag="411" ind1="2" ind2=" ">
    <subfield code="a">Seminar on SDES-2012</subfield>
    <subfield code="d">(2012 :</subfield>
    <subfield code="c">Kolkata, India)</subfield>
  </datafield>
  <datafield tag="411" ind1="2" ind2=" ">
    <subfield code="a">National Seminar on Sustainable Development of Energy Sector: Challenges Ahead</subfield>
    <subfield code="d">(2012 :</subfield>
    <subfield code="c">Kolkata, India)</subfield>
  </datafield>
  <datafield tag="411" ind1="2" ind2=" ">
    <subfield code="a">&quot;Sustainable Development of Energy Sector: Challenges Ahead&quot; (Seminar)</subfield>
    <subfield code="d">(2012 :</subfield>
    <subfield code="c">Kolkata, India)</subfield>
  </datafield>
  <datafield tag="411" ind1="2" ind2=" ">
    <subfield code="a">SDES-2012</subfield>
    <subfield code="d">(2012 :</subfield>
    <subfield code="c">Kolkata, India)</subfield>
  </datafield>
  <datafield tag="670" ind1=" " ind2=" ">
    <subfield code="a">MGMI Seminar on Sustainable Development of Energy Sector, 2012:</subfield>
    <subfield code="b">title page (MGMI Seminar on Sustainable Development of Energy Sector : Challenges Ahead; November 17, 2012) title page verso (Seminar on SDES-2012) cover (held at Oberoi Grand, Kolkata, India; organized by Mining, Geological, and Metallurgical Institute of India) foreword (National Seminar on Sustainable Development of Energy Sector : Challenges Ahead) preliminary page 2 (&quot;Sustainable Development of Energy Sector : Challenges Ahead&quot; (Seminar) preliminary page 5 (SDES-2012 Seminar)</subfield>
  </datafield>
</record>