
<record>
  <leader>00893cz  a2200169n  4500</leader>
  <controlfield tag="001">11254962</controlfield>
  <controlfield tag="003">DLC</controlfield>
  <controlfield tag="005">20200101073125.0</controlfield>
  <controlfield tag="008">191225n| azannaabn          |n aaa     c</controlfield>
  <datafield tag="010" ind1=" " ind2=" ">
    <subfield code="a">no2019190427</subfield>
  </datafield>
  <datafield tag="035" ind1=" " ind2=" ">
    <subfield code="a">(OCoLC)oca12655918</subfield>
  </datafield>
  <datafield tag="040" ind1=" " ind2=" ">
    <subfield code="a">MdRoLAC</subfield>
    <subfield code="b">eng</subfield>
    <subfield code="e">rda</subfield>
    <subfield code="c">MdRoLAC</subfield>
    <subfield code="d">MdRoLAC</subfield>
  </datafield>
  <datafield tag="100" ind1="1" ind2=" ">
    <subfield code="a">Calub, Blesilda</subfield>
  </datafield>
  <datafield tag="372" ind1=" " ind2=" ">
    <subfield code="a">Biodiversity</subfield>
    <subfield code="a">Agriculture</subfield>
    <subfield code="2">lcsh</subfield>
  </datafield>
  <datafield tag="373" ind1=" " ind2=" ">
    <subfield code="a">University of the Philippines at Los Baños</subfield>
    <subfield code="2">naf</subfield>
  </datafield>
  <datafield tag="670" ind1=" " ind2=" ">
    <subfield code="a">Agrobiodiversity, school gardens and healthy diets, 2020:</subfield>
    <subfield code="b">eCIP title page (Blesilda Calub)</subfield>
  </datafield>
  <datafield tag="670" ind1=" " ind2=" ">
    <subfield code="a">Webpage for the book, Agrobiodiversity, school gardens and healthy diets, viewed 31 December 2019:</subfield>
    <subfield code="b">(Blesilda Calub is a University Researcher at the University of the Philippines Los Baños)</subfield>
    <subfield code="u">https://www.routledge.com/Agrobiodiversity-School-Gardens-and-Healthy-Diets-Promoting-Biodiversity/Hunter-Oro-Burgos-Roel-Calub-Gonsalves-Lauridsen/p/book/9780367148850</subfield>
  </datafield>
</record>