
<record>
  <leader>00482nz  a2200145n  4500</leader>
  <controlfield tag="001">11256771</controlfield>
  <controlfield tag="003">DLC</controlfield>
  <controlfield tag="005">20200101034502.0</controlfield>
  <controlfield tag="008">200101n| azannaabn          |n aaa      </controlfield>
  <datafield tag="010" ind1=" " ind2=" ">
    <subfield code="a">n 2019189318</subfield>
  </datafield>
  <datafield tag="035" ind1=" " ind2=" ">
    <subfield code="a">(DNLM)647233</subfield>
  </datafield>
  <datafield tag="040" ind1=" " ind2=" ">
    <subfield code="a">DNLM</subfield>
    <subfield code="b">eng</subfield>
    <subfield code="e">rda</subfield>
    <subfield code="c">DNLM</subfield>
  </datafield>
  <datafield tag="100" ind1="1" ind2=" ">
    <subfield code="a">Haas, Johann Ludwig,</subfield>
    <subfield code="d">1799-1839</subfield>
  </datafield>
  <datafield tag="670" ind1=" " ind2=" ">
    <subfield code="a">Repertorium für homöopathische Heilungen und Erfahrungen, 1832:</subfield>
    <subfield code="b">t.p. (Johann Ludwig Haas)</subfield>
  </datafield>
  <datafield tag="670" ind1=" " ind2=" ">
    <subfield code="a">OCLC, viewed Dec. 31, 2019</subfield>
    <subfield code="b">(hdg.: Haas, Johann Ludwig, 1799-1839)</subfield>
  </datafield>
</record>