
<record>
  <leader>00474nz  a2200157n  4500</leader>
  <controlfield tag="001">11256772</controlfield>
  <controlfield tag="003">DLC</controlfield>
  <controlfield tag="005">20200101034502.0</controlfield>
  <controlfield tag="008">200101n| azannaabn          |n aaa      </controlfield>
  <datafield tag="010" ind1=" " ind2=" ">
    <subfield code="a">n 2019189303</subfield>
  </datafield>
  <datafield tag="035" ind1=" " ind2=" ">
    <subfield code="a">(DNLM)698727</subfield>
  </datafield>
  <datafield tag="040" ind1=" " ind2=" ">
    <subfield code="a">DNLM</subfield>
    <subfield code="b">eng</subfield>
    <subfield code="e">rda</subfield>
    <subfield code="c">DNLM</subfield>
  </datafield>
  <datafield tag="046" ind1=" " ind2=" ">
    <subfield code="g">1844</subfield>
    <subfield code="2">edtf</subfield>
  </datafield>
  <datafield tag="100" ind1="1" ind2=" ">
    <subfield code="a">Kaiser, Karl Ludwig,</subfield>
    <subfield code="d">-1844</subfield>
  </datafield>
  <datafield tag="670" ind1=" " ind2=" ">
    <subfield code="a">Die homöopathische Heilkunst, 1829:</subfield>
    <subfield code="b">t.p. (D. Karl Ludwig Kaiser)</subfield>
  </datafield>
  <datafield tag="670" ind1=" " ind2=" ">
    <subfield code="a">NLM files, Dec. 31, 2019</subfield>
    <subfield code="b">(hdg.: Kaiser, Karl Ludwig, d. 1844)</subfield>
  </datafield>
</record>