
<record>
  <leader>00414nz  a2200133n  4500</leader>
  <controlfield tag="001">11256774</controlfield>
  <controlfield tag="003">DLC</controlfield>
  <controlfield tag="005">20200101034503.0</controlfield>
  <controlfield tag="008">200101n| azannaabn          |n ana      </controlfield>
  <datafield tag="010" ind1=" " ind2=" ">
    <subfield code="a">n 2019189305</subfield>
  </datafield>
  <datafield tag="035" ind1=" " ind2=" ">
    <subfield code="a">(DNLM)922168</subfield>
  </datafield>
  <datafield tag="040" ind1=" " ind2=" ">
    <subfield code="a">DNLM</subfield>
    <subfield code="b">eng</subfield>
    <subfield code="e">rda</subfield>
    <subfield code="c">DNLM</subfield>
  </datafield>
  <datafield tag="110" ind1="2" ind2=" ">
    <subfield code="a">Svenska homeopatiska läkareföreningen</subfield>
  </datafield>
  <datafield tag="670" ind1=" " ind2=" ">
    <subfield code="a">Die homöopathische Heilkunst, 1829:</subfield>
    <subfield code="b">provenance stamp (Svenska homeopatiska läkareföreningen)</subfield>
  </datafield>
</record>