
<record>
  <leader>00489nz  a2200145n  4500</leader>
  <controlfield tag="001">11256779</controlfield>
  <controlfield tag="003">DLC</controlfield>
  <controlfield tag="005">20200101034503.0</controlfield>
  <controlfield tag="008">200101n| azannaabn          |n aaa      </controlfield>
  <datafield tag="010" ind1=" " ind2=" ">
    <subfield code="a">n 2019188606</subfield>
  </datafield>
  <datafield tag="035" ind1=" " ind2=" ">
    <subfield code="a">(DNLM)1838807</subfield>
  </datafield>
  <datafield tag="040" ind1=" " ind2=" ">
    <subfield code="a">DNLM</subfield>
    <subfield code="b">eng</subfield>
    <subfield code="e">rda</subfield>
    <subfield code="c">DNLM</subfield>
  </datafield>
  <datafield tag="100" ind1="1" ind2=" ">
    <subfield code="a">Kwang, Yee Chin</subfield>
  </datafield>
  <datafield tag="370" ind1=" " ind2=" ">
    <subfield code="f">Sydney (N.S.W.)</subfield>
    <subfield code="2">naf</subfield>
  </datafield>
  <datafield tag="670" ind1=" " ind2=" ">
    <subfield code="a">Microneedles for transdermal drug delivery, 2019:</subfield>
    <subfield code="b">title page (Yee Chin Kwang) title page verso (School of Pharmacy, University of Sydney, Sydney, NSW, Australia)</subfield>
  </datafield>
</record>