
<record>
  <leader>01296nz  a2200241n  4500</leader>
  <controlfield tag="001">11256781</controlfield>
  <controlfield tag="003">DLC</controlfield>
  <controlfield tag="005">20200101034503.0</controlfield>
  <controlfield tag="008">200101n| azannaabn          |a aaa      </controlfield>
  <datafield tag="010" ind1=" " ind2=" ">
    <subfield code="a">n 2019188649</subfield>
  </datafield>
  <datafield tag="035" ind1=" " ind2=" ">
    <subfield code="a">(DNLM)1838860</subfield>
  </datafield>
  <datafield tag="040" ind1=" " ind2=" ">
    <subfield code="a">DNLM</subfield>
    <subfield code="b">eng</subfield>
    <subfield code="e">rda</subfield>
    <subfield code="c">DNLM</subfield>
  </datafield>
  <datafield tag="046" ind1=" " ind2=" ">
    <subfield code="f">1985</subfield>
    <subfield code="2">edtf</subfield>
  </datafield>
  <datafield tag="100" ind1="1" ind2=" ">
    <subfield code="a">Gaag, Mandy A. E. van der</subfield>
    <subfield code="q">(Mandy Antoinette Ena van der),</subfield>
    <subfield code="d">1985-</subfield>
  </datafield>
  <datafield tag="372" ind1=" " ind2=" ">
    <subfield code="a">Psychology, Developmental</subfield>
    <subfield code="2">mesh</subfield>
  </datafield>
  <datafield tag="373" ind1=" " ind2=" ">
    <subfield code="a">Rijksuniversiteit Groningen</subfield>
    <subfield code="2">naf</subfield>
  </datafield>
  <datafield tag="378" ind1=" " ind2=" ">
    <subfield code="q">Mandy Antoinette Ena van der</subfield>
  </datafield>
  <datafield tag="400" ind1="1" ind2=" ">
    <subfield code="a">Van der Gaag, Mandy A. E.</subfield>
    <subfield code="q">(Mandy Antoinette Ena),</subfield>
    <subfield code="d">1985-</subfield>
  </datafield>
  <datafield tag="400" ind1="1" ind2=" ">
    <subfield code="a">Gaag, Mandy Antoinette Ena van der,</subfield>
    <subfield code="d">1985-</subfield>
  </datafield>
  <datafield tag="400" ind1="1" ind2=" ">
    <subfield code="a">Van der Gaag, Mandy Antoinette Ena van der,</subfield>
    <subfield code="d">1985-</subfield>
  </datafield>
  <datafield tag="670" ind1=" " ind2=" ">
    <subfield code="a">Psychosocial development in adolescence, 2019:</subfield>
    <subfield code="b">title page (Mandy A.E. van der Gaag) preliminary page (postdoctoral researcher of developmental psychology at the University of Groningen)</subfield>
  </datafield>
  <datafield tag="670" ind1=" " ind2=" ">
    <subfield code="a">OCLC database, Dec. 4, 2019</subfield>
    <subfield code="b">(access point: Gaag, Mandy A. E. van der, Gaag, Mandy Antoinette Ena van der, 1985-; usage: Mandy A.E. van der Gaag, Mandy Antoinette Ena van der Gaag)</subfield>
  </datafield>
  <datafield tag="670" ind1=" " ind2=" ">
    <subfield code="a">ResearchGate, Dec. 4, 2019</subfield>
    <subfield code="b">(Mandy A. E. van der Gaag, PhD; University of Groningen, Heymans Institute for Psychological Research)</subfield>
    <subfield code="u">https://www.researchgate.net/profile/Mandy_Van_Der_Gaag</subfield>
  </datafield>
</record>