
<record>
  <leader>00893nz  a2200253n  4500</leader>
  <controlfield tag="001">11256783</controlfield>
  <controlfield tag="003">DLC</controlfield>
  <controlfield tag="005">20200101034503.0</controlfield>
  <controlfield tag="008">200101n| azaabaaan          |a ana      </controlfield>
  <datafield tag="010" ind1=" " ind2=" ">
    <subfield code="a">n 2019188668</subfield>
  </datafield>
  <datafield tag="022" ind1=" " ind2=" ">
    <subfield code="a">2522-8595</subfield>
  </datafield>
  <datafield tag="035" ind1=" " ind2=" ">
    <subfield code="a">(DNLM)1838907</subfield>
  </datafield>
  <datafield tag="040" ind1=" " ind2=" ">
    <subfield code="a">DNLM</subfield>
    <subfield code="b">eng</subfield>
    <subfield code="e">rda</subfield>
    <subfield code="c">DNLM</subfield>
  </datafield>
  <datafield tag="130" ind1=" " ind2="0">
    <subfield code="a">EAI/Springer innovations in communication and computing</subfield>
  </datafield>
  <datafield tag="380" ind1=" " ind2=" ">
    <subfield code="a">Series (Publications)</subfield>
    <subfield code="a">Monographic series</subfield>
    <subfield code="2">lcsh</subfield>
  </datafield>
  <datafield tag="381" ind1=" " ind2=" ">
    <subfield code="a">Unnumbered</subfield>
  </datafield>
  <datafield tag="410" ind1="2" ind2=" ">
    <subfield code="a">European Alliance for Innovation.</subfield>
    <subfield code="t">EAI/Springer innovations in communication and computing</subfield>
  </datafield>
  <datafield tag="643" ind1=" " ind2=" ">
    <subfield code="a">Cham, Switzerland</subfield>
    <subfield code="b">Springer</subfield>
  </datafield>
  <datafield tag="644" ind1=" " ind2=" ">
    <subfield code="a">f</subfield>
    <subfield code="5">DNLM</subfield>
  </datafield>
  <datafield tag="645" ind1=" " ind2=" ">
    <subfield code="a">t</subfield>
    <subfield code="5">DPCC</subfield>
    <subfield code="5">DNLM</subfield>
  </datafield>
  <datafield tag="646" ind1=" " ind2=" ">
    <subfield code="a">s</subfield>
    <subfield code="5">DNLM</subfield>
  </datafield>
  <datafield tag="667" ind1=" " ind2=" ">
    <subfield code="a">Print version: ISSN 2522-8595</subfield>
  </datafield>
  <datafield tag="667" ind1=" " ind2=" ">
    <subfield code="a">Online version: ISSN 2522-8609</subfield>
  </datafield>
  <datafield tag="670" ind1=" " ind2=" ">
    <subfield code="a">m_Health current and future applications, 2019:</subfield>
    <subfield code="b">series title page (EAI/Springer innovations in communication and computing)</subfield>
  </datafield>
</record>