
<record>
  <leader>00453nz  a2200133n  4500</leader>
  <controlfield tag="001">11256787</controlfield>
  <controlfield tag="003">DLC</controlfield>
  <controlfield tag="005">20200101034503.0</controlfield>
  <controlfield tag="008">200101n| azannaabn          |n aaa      </controlfield>
  <datafield tag="010" ind1=" " ind2=" ">
    <subfield code="a">n 2019188816</subfield>
  </datafield>
  <datafield tag="035" ind1=" " ind2=" ">
    <subfield code="a">(DNLM)1844902</subfield>
  </datafield>
  <datafield tag="040" ind1=" " ind2=" ">
    <subfield code="a">DNLM</subfield>
    <subfield code="b">eng</subfield>
    <subfield code="e">rda</subfield>
    <subfield code="c">DNLM</subfield>
  </datafield>
  <datafield tag="100" ind1="1" ind2=" ">
    <subfield code="a">Pearson, Melanie M.</subfield>
  </datafield>
  <datafield tag="670" ind1=" " ind2=" ">
    <subfield code="a">Proteus mirabilis, 2019:</subfield>
    <subfield code="b">title page (Melanie M. Pearson; Department of Microbiology and Immunology, University of Michigan Medical School, Ann Arbor, MI, USA)</subfield>
  </datafield>
</record>