
<record>
  <leader>00769nz  a2200169n  4500</leader>
  <controlfield tag="001">11256791</controlfield>
  <controlfield tag="003">DLC</controlfield>
  <controlfield tag="005">20200101034503.0</controlfield>
  <controlfield tag="008">200101n| azannaabn          |n aaa      </controlfield>
  <datafield tag="010" ind1=" " ind2=" ">
    <subfield code="a">n 2019188853</subfield>
  </datafield>
  <datafield tag="035" ind1=" " ind2=" ">
    <subfield code="a">(DNLM)1844985</subfield>
  </datafield>
  <datafield tag="040" ind1=" " ind2=" ">
    <subfield code="a">DNLM</subfield>
    <subfield code="b">eng</subfield>
    <subfield code="e">rda</subfield>
    <subfield code="c">DNLM</subfield>
  </datafield>
  <datafield tag="100" ind1="1" ind2=" ">
    <subfield code="a">Inman, Chris</subfield>
  </datafield>
  <datafield tag="370" ind1=" " ind2=" ">
    <subfield code="f">Birmingham (England)</subfield>
    <subfield code="2">naf</subfield>
  </datafield>
  <datafield tag="373" ind1=" " ind2=" ">
    <subfield code="a">Birmingham City University</subfield>
    <subfield code="2">naf</subfield>
  </datafield>
  <datafield tag="670" ind1=" " ind2=" ">
    <subfield code="a">Advanced practice in healthcare, 2019:</subfield>
    <subfield code="b">title page (Chris Inman, Birmingham City University, Birmingham, UK) p. xii (RN, DEd, MSc)</subfield>
  </datafield>
  <datafield tag="670" ind1=" " ind2=" ">
    <subfield code="a">School of Health Sciences, Birmingham City University web site, Dec. 11, 2019</subfield>
    <subfield code="b">(Dr Chris Inman, Senior Lecturer, School of Health Sciences)</subfield>
    <subfield code="u">https://www.bcu.ac.uk/health-sciences/departments/public-and-community-health/staff-profiles/chris-inman</subfield>
  </datafield>
</record>