
<record>
  <leader>00904nz  a2200193n  4500</leader>
  <controlfield tag="001">11256792</controlfield>
  <controlfield tag="003">DLC</controlfield>
  <controlfield tag="005">20200101034503.0</controlfield>
  <controlfield tag="008">200101n| azannaabn          |a aaa      </controlfield>
  <datafield tag="010" ind1=" " ind2=" ">
    <subfield code="a">n 2019188865</subfield>
  </datafield>
  <datafield tag="035" ind1=" " ind2=" ">
    <subfield code="a">(DNLM)1845026</subfield>
  </datafield>
  <datafield tag="040" ind1=" " ind2=" ">
    <subfield code="a">DNLM</subfield>
    <subfield code="b">eng</subfield>
    <subfield code="e">rda</subfield>
    <subfield code="c">DNLM</subfield>
  </datafield>
  <datafield tag="100" ind1="1" ind2=" ">
    <subfield code="a">Mahendran, A. O.</subfield>
    <subfield code="q">(Arunthathi Oormila)</subfield>
  </datafield>
  <datafield tag="373" ind1=" " ind2=" ">
    <subfield code="a">Barts and the London School of Medicine and Dentistry</subfield>
    <subfield code="2">naf</subfield>
  </datafield>
  <datafield tag="378" ind1=" " ind2=" ">
    <subfield code="q">Arunthathi Oormila</subfield>
  </datafield>
  <datafield tag="400" ind1="1" ind2=" ">
    <subfield code="a">Mahendran, Arundi</subfield>
  </datafield>
  <datafield tag="400" ind1="1" ind2=" ">
    <subfield code="a">Mahendran, Arunthathi Oormila</subfield>
  </datafield>
  <datafield tag="670" ind1=" " ind2=" ">
    <subfield code="a">Moments of rupture, 2020:</subfield>
    <subfield code="b">title page (A.O. Mahendran) prelim. (senior lecturer and consultant transplant surgeon at Queen Mary University/Barts, specialist surgical training in London and New York, and completed a PhD in education at Goldsmiths&apos;, University of London)</subfield>
  </datafield>
  <datafield tag="670" ind1=" " ind2=" ">
    <subfield code="a">Email from author, Dec. 11, 2019</subfield>
    <subfield code="b">(full name is Arunthathi Oormila Mahendran (sometimes known as Arundi Mahendran))</subfield>
  </datafield>
</record>