
<record>
  <leader>00502nz  a2200133n  4500</leader>
  <controlfield tag="001">11256800</controlfield>
  <controlfield tag="003">DLC</controlfield>
  <controlfield tag="005">20200101034503.0</controlfield>
  <controlfield tag="008">200101n| azannaabn          |n aaa      </controlfield>
  <datafield tag="010" ind1=" " ind2=" ">
    <subfield code="a">n 2019188978</subfield>
  </datafield>
  <datafield tag="035" ind1=" " ind2=" ">
    <subfield code="a">(DNLM)1845245</subfield>
  </datafield>
  <datafield tag="040" ind1=" " ind2=" ">
    <subfield code="a">DNLM</subfield>
    <subfield code="b">eng</subfield>
    <subfield code="e">rda</subfield>
    <subfield code="c">DNLM</subfield>
  </datafield>
  <datafield tag="100" ind1="1" ind2=" ">
    <subfield code="a">Singh, Sarika</subfield>
  </datafield>
  <datafield tag="670" ind1=" " ind2=" ">
    <subfield code="a">Pathology, prevention and therapeutics of neurodegenerative disease, 2019:</subfield>
    <subfield code="b">title page (Sarika Singh) t.p. verso (Toxicology and Experimental Medicine Division, CSIR-Central Drug Research Institute, Lucknow, India)</subfield>
  </datafield>
</record>