
<record>
  <leader>00766nz  a2200181n  4500</leader>
  <controlfield tag="001">11256802</controlfield>
  <controlfield tag="003">DLC</controlfield>
  <controlfield tag="005">20200101034503.0</controlfield>
  <controlfield tag="008">200101n| azannaabn          |a ana      </controlfield>
  <datafield tag="010" ind1=" " ind2=" ">
    <subfield code="a">n 2019189191</subfield>
  </datafield>
  <datafield tag="035" ind1=" " ind2=" ">
    <subfield code="a">(DNLM)1845762</subfield>
  </datafield>
  <datafield tag="040" ind1=" " ind2=" ">
    <subfield code="a">DNLM</subfield>
    <subfield code="b">eng</subfield>
    <subfield code="e">rda</subfield>
    <subfield code="c">DNLM</subfield>
  </datafield>
  <datafield tag="110" ind1="2" ind2=" ">
    <subfield code="a">East African Health Research Commission</subfield>
  </datafield>
  <datafield tag="410" ind1="2" ind2=" ">
    <subfield code="a">East African Community.</subfield>
    <subfield code="b">East African Health Research Commission</subfield>
  </datafield>
  <datafield tag="410" ind1="2" ind2=" ">
    <subfield code="a">EAHRC (East African Health Research Commission)</subfield>
  </datafield>
  <datafield tag="410" ind1="2" ind2=" ">
    <subfield code="a">E.A.H.R.C. (East African Health Research Commission)</subfield>
  </datafield>
  <datafield tag="510" ind1="2" ind2=" ">
    <subfield code="w">r</subfield>
    <subfield code="i">Hierarchical superior:</subfield>
    <subfield code="a">East African Community</subfield>
  </datafield>
  <datafield tag="670" ind1=" " ind2=" ">
    <subfield code="a">The East African health research journal, viewed December 23, 2019:</subfield>
    <subfield code="b">about the journal (East African Health Research Commission (EAHRC) of the East African Community (EAC))</subfield>
  </datafield>
</record>