
<record>
  <leader>01056nz  a2200181n  4500</leader>
  <controlfield tag="001">11256804</controlfield>
  <controlfield tag="003">DLC</controlfield>
  <controlfield tag="005">20200101034504.0</controlfield>
  <controlfield tag="008">200101n| azannaabn          |n aaa      </controlfield>
  <datafield tag="010" ind1=" " ind2=" ">
    <subfield code="a">n 2019189309</subfield>
  </datafield>
  <datafield tag="035" ind1=" " ind2=" ">
    <subfield code="a">(DNLM)1846079</subfield>
  </datafield>
  <datafield tag="040" ind1=" " ind2=" ">
    <subfield code="a">DNLM</subfield>
    <subfield code="b">eng</subfield>
    <subfield code="e">rda</subfield>
    <subfield code="c">DNLM</subfield>
  </datafield>
  <datafield tag="046" ind1=" " ind2=" ">
    <subfield code="f">1938</subfield>
    <subfield code="2">edtf</subfield>
  </datafield>
  <datafield tag="100" ind1="1" ind2=" ">
    <subfield code="a">Bergman, Hans,</subfield>
    <subfield code="d">1938-</subfield>
  </datafield>
  <datafield tag="670" ind1=" " ind2=" ">
    <subfield code="a">Field dependence and intellectual performance of alcoholics, 1975:</subfield>
    <subfield code="b">title page (Hans Bergman)</subfield>
  </datafield>
  <datafield tag="670" ind1=" " ind2=" ">
    <subfield code="a">BIBSYS via VIAF, Dec. 31, 2019</subfield>
    <subfield code="b">(identifier: x00066019, http://hdl.handle.net/11250/724885, http://viaf.org/viaf/76284542, 000000005198125X; preferred: Bergman, Hans</subfield>
    <subfield code="u">http://www.viaf.org/processed/BIBSYS%7C66019</subfield>
  </datafield>
  <datafield tag="670" ind1=" " ind2=" ">
    <subfield code="a">ISNI via VIAF, Dec. 31, 2019</subfield>
    <subfield code="b">(identifier: 000000005198125X; preferred: Bergman, Hans 1938-; variant: Bergman, Hans; associated group: Stockholm : Univ)</subfield>
    <subfield code="u">http://www.viaf.org/processed/ISNI%7C000000005198125X</subfield>
  </datafield>
  <datafield tag="670" ind1=" " ind2=" ">
    <subfield code="a">National Library of Sweden via VIAF, Dec. 31, 2019</subfield>
    <subfield code="b">(identifier: 76284542, 000000005198125X; preferred: Bergman, Hans, 1938-</subfield>
    <subfield code="u">http://www.viaf.org/processed/SELIBR%7C177816</subfield>
  </datafield>
</record>