
<record>
  <leader>00760nz  a2200193n  4500</leader>
  <controlfield tag="001">11256805</controlfield>
  <controlfield tag="003">DLC</controlfield>
  <controlfield tag="005">20200101034504.0</controlfield>
  <controlfield tag="008">200101n| azannaabn          |n aaa      </controlfield>
  <datafield tag="010" ind1=" " ind2=" ">
    <subfield code="a">n 2019189312</subfield>
  </datafield>
  <datafield tag="035" ind1=" " ind2=" ">
    <subfield code="a">(DNLM)1846081</subfield>
  </datafield>
  <datafield tag="040" ind1=" " ind2=" ">
    <subfield code="a">DNLM</subfield>
    <subfield code="b">eng</subfield>
    <subfield code="e">rda</subfield>
    <subfield code="c">DNLM</subfield>
  </datafield>
  <datafield tag="046" ind1=" " ind2=" ">
    <subfield code="f">1794</subfield>
    <subfield code="g">1877</subfield>
    <subfield code="2">edtf</subfield>
  </datafield>
  <datafield tag="100" ind1="1" ind2=" ">
    <subfield code="a">Brutzer, Karl Ernst,</subfield>
    <subfield code="d">1794-1877</subfield>
  </datafield>
  <datafield tag="400" ind1="1" ind2=" ">
    <subfield code="a">Brutzer, C. E.</subfield>
    <subfield code="q">(Carl Ernst),</subfield>
    <subfield code="d">1794-1877</subfield>
  </datafield>
  <datafield tag="400" ind1="1" ind2=" ">
    <subfield code="a">Brutzer, Carl Ernst,</subfield>
    <subfield code="d">1794-1877</subfield>
  </datafield>
  <datafield tag="400" ind1="1" ind2=" ">
    <subfield code="a">Brutzer, Carolus Ernestus,</subfield>
    <subfield code="d">1794-1877</subfield>
  </datafield>
  <datafield tag="670" ind1=" " ind2=" ">
    <subfield code="a">Versuch zur theoretischen Begrundung des Princips der Homöopathie, 1838:</subfield>
    <subfield code="b">title page (C.E. Brutzer)</subfield>
  </datafield>
  <datafield tag="670" ind1=" " ind2=" ">
    <subfield code="a">VIAF, viewed Dec. 31, 2019</subfield>
    <subfield code="b">(hdg.: Brutzer, Karl Ernst, 1794-1877; variant forms: Brutzer, C.E.; Brutzer, Carl Ernst; Brutzer, Carolus Ernestus)</subfield>
  </datafield>
</record>