
<record>
  <leader>00779nz  a2200181n  4500</leader>
  <controlfield tag="001">11256806</controlfield>
  <controlfield tag="003">DLC</controlfield>
  <controlfield tag="005">20200101034504.0</controlfield>
  <controlfield tag="008">200101n| azannaabn          |n ana      </controlfield>
  <datafield tag="010" ind1=" " ind2=" ">
    <subfield code="a">n 2019189313</subfield>
  </datafield>
  <datafield tag="035" ind1=" " ind2=" ">
    <subfield code="a">(DNLM)1846088</subfield>
  </datafield>
  <datafield tag="040" ind1=" " ind2=" ">
    <subfield code="a">DNLM</subfield>
    <subfield code="b">eng</subfield>
    <subfield code="c">DNLM</subfield>
    <subfield code="e">rda</subfield>
  </datafield>
  <datafield tag="046" ind1=" " ind2=" ">
    <subfield code="s">2019-11-06</subfield>
    <subfield code="t">2019-11-07</subfield>
    <subfield code="2">edtf</subfield>
  </datafield>
  <datafield tag="111" ind1="2" ind2=" ">
    <subfield code="a">Neuropathological Diagnosis of Chronic Traumatic Encephalopathy (CTE) (Workshop)</subfield>
    <subfield code="d">(2019 :</subfield>
    <subfield code="c">Bethesda, Md.)</subfield>
  </datafield>
  <datafield tag="368" ind1=" " ind2=" ">
    <subfield code="a">Workshop</subfield>
  </datafield>
  <datafield tag="370" ind1=" " ind2=" ">
    <subfield code="e">Bethesda (Md.)</subfield>
    <subfield code="2">naf</subfield>
  </datafield>
  <datafield tag="373" ind1=" " ind2=" ">
    <subfield code="a">National Institute of Neurological Diseases and Stroke</subfield>
    <subfield code="2">naf</subfield>
  </datafield>
  <datafield tag="670" ind1=" " ind2=" ">
    <subfield code="a">Neuropathological Diagnosis of Chronic Traumatic Encephalopathy (CTE), 2019:</subfield>
    <subfield code="b">title screen (Building 35 Conference Center, November 6-7, 2019) PowerPoint screen (National Institute of Neurological Diseases and Stroke)</subfield>
  </datafield>
</record>