
<record>
  <leader>00407nz  a2200133n  4500</leader>
  <controlfield tag="001">11256808</controlfield>
  <controlfield tag="003">DLC</controlfield>
  <controlfield tag="005">20200101034504.0</controlfield>
  <controlfield tag="008">200101n| azannaabn          |n aaa      </controlfield>
  <datafield tag="010" ind1=" " ind2=" ">
    <subfield code="a">n 2019189315</subfield>
  </datafield>
  <datafield tag="035" ind1=" " ind2=" ">
    <subfield code="a">(DNLM)1846090</subfield>
  </datafield>
  <datafield tag="040" ind1=" " ind2=" ">
    <subfield code="a">DNLM</subfield>
    <subfield code="b">eng</subfield>
    <subfield code="e">rda</subfield>
    <subfield code="c">DNLM</subfield>
  </datafield>
  <datafield tag="100" ind1="1" ind2=" ">
    <subfield code="a">Hartmann, Franz,</subfield>
    <subfield code="d">1796-1853.</subfield>
    <subfield code="t">Beitrage zur angewandten Pharmakodynamik</subfield>
  </datafield>
  <datafield tag="670" ind1=" " ind2=" ">
    <subfield code="a">Praktische Erfahrungen im Gebiete der Homöopathie, 1828-1835</subfield>
  </datafield>
</record>