
<record>
  <leader>00462nz  a2200145n  4500</leader>
  <controlfield tag="001">11256809</controlfield>
  <controlfield tag="003">DLC</controlfield>
  <controlfield tag="005">20200101034504.0</controlfield>
  <controlfield tag="008">200101n| azannaabn          |n aaa      </controlfield>
  <datafield tag="010" ind1=" " ind2=" ">
    <subfield code="a">n 2019189316</subfield>
  </datafield>
  <datafield tag="035" ind1=" " ind2=" ">
    <subfield code="a">(DNLM)1846092</subfield>
  </datafield>
  <datafield tag="040" ind1=" " ind2=" ">
    <subfield code="a">DNLM</subfield>
    <subfield code="b">eng</subfield>
    <subfield code="e">rda</subfield>
    <subfield code="c">DNLM</subfield>
  </datafield>
  <datafield tag="100" ind1="1" ind2=" ">
    <subfield code="a">Ammon, D.</subfield>
  </datafield>
  <datafield tag="371" ind1=" " ind2=" ">
    <subfield code="a">Oranienstrasse 135</subfield>
    <subfield code="b">Berlin</subfield>
    <subfield code="d">Germany</subfield>
  </datafield>
  <datafield tag="670" ind1=" " ind2=" ">
    <subfield code="a">Zwölfjähriges Herz-Leiden durch Electro-Homöopathie geheilt, 1900:</subfield>
    <subfield code="b">title page (D. Ammon, Berlin S., Oranienstrasse 135)</subfield>
  </datafield>
</record>