
<record>
  <leader>00631nz  a2200157n  4500</leader>
  <controlfield tag="001">11256810</controlfield>
  <controlfield tag="003">DLC</controlfield>
  <controlfield tag="005">20200101034504.0</controlfield>
  <controlfield tag="008">200101n| azannaabn          |n aaa      </controlfield>
  <datafield tag="010" ind1=" " ind2=" ">
    <subfield code="a">n 2019189321</subfield>
  </datafield>
  <datafield tag="035" ind1=" " ind2=" ">
    <subfield code="a">(DNLM)1846100</subfield>
  </datafield>
  <datafield tag="040" ind1=" " ind2=" ">
    <subfield code="a">DNLM</subfield>
    <subfield code="b">eng</subfield>
    <subfield code="e">rda</subfield>
    <subfield code="c">DNLM</subfield>
  </datafield>
  <datafield tag="046" ind1=" " ind2=" ">
    <subfield code="g">1876-08-07</subfield>
    <subfield code="2">edtf</subfield>
  </datafield>
  <datafield tag="100" ind1="1" ind2=" ">
    <subfield code="a">Ryan, John,</subfield>
    <subfield code="d">-1876</subfield>
  </datafield>
  <datafield tag="670" ind1=" " ind2=" ">
    <subfield code="a">Homœopathic infinitesimal doses, and their analogues in nature, 1864:</subfield>
    <subfield code="b">title page (John Ryan, M.D., LL.D., &amp;c., president of the Homoeopathic Medical Society of York)</subfield>
  </datafield>
  <datafield tag="670" ind1=" " ind2=" ">
    <subfield code="a">Homeopathic world, Sept. 1, 1876 issue</subfield>
    <subfield code="b">p. 443 (John Ryan, M.D., LL.D., died August 7, 1876, in the 66th year of his age)</subfield>
  </datafield>
</record>