
<record>
  <leader>00570nz  a2200169n  4500</leader>
  <controlfield tag="001">11256811</controlfield>
  <controlfield tag="003">DLC</controlfield>
  <controlfield tag="005">20200101050902.0</controlfield>
  <controlfield tag="008">191231n| azannaabn          |n aaa      </controlfield>
  <datafield tag="010" ind1=" " ind2=" ">
    <subfield code="a">nb2019024501</subfield>
  </datafield>
  <datafield tag="035" ind1=" " ind2=" ">
    <subfield code="a">(Uk)010712132</subfield>
  </datafield>
  <datafield tag="040" ind1=" " ind2=" ">
    <subfield code="a">Uk</subfield>
    <subfield code="b">eng</subfield>
    <subfield code="e">rda</subfield>
    <subfield code="c">Uk</subfield>
  </datafield>
  <datafield tag="100" ind1="1" ind2=" ">
    <subfield code="a">Nahidi, Katrin</subfield>
  </datafield>
  <datafield tag="372" ind1=" " ind2=" ">
    <subfield code="a">Art--History</subfield>
    <subfield code="a">Civilization, Arab</subfield>
    <subfield code="2">lcsh</subfield>
  </datafield>
  <datafield tag="373" ind1=" " ind2=" ">
    <subfield code="a">Universität München</subfield>
    <subfield code="2">naf</subfield>
  </datafield>
  <datafield tag="375" ind1=" " ind2=" ">
    <subfield code="a">Females</subfield>
    <subfield code="2">lcsh</subfield>
  </datafield>
  <datafield tag="670" ind1=" " ind2=" ">
    <subfield code="a">Shirin Neshat, c2017:</subfield>
    <subfield code="b">p.206 (Katrin Nahidi) p.204 (she studied history of art and history and civilization of the Middle East at the University of Munich)</subfield>
  </datafield>
</record>