
<record>
  <leader>00396nz  a2200145n  4500</leader>
  <controlfield tag="001">11256816</controlfield>
  <controlfield tag="003">DLC</controlfield>
  <controlfield tag="005">20200101050902.0</controlfield>
  <controlfield tag="008">191231n| azannaabn          |n ana      </controlfield>
  <datafield tag="010" ind1=" " ind2=" ">
    <subfield code="a">nb2020000001</subfield>
  </datafield>
  <datafield tag="035" ind1=" " ind2=" ">
    <subfield code="a">(Uk)010712136</subfield>
  </datafield>
  <datafield tag="040" ind1=" " ind2=" ">
    <subfield code="a">Uk</subfield>
    <subfield code="b">eng</subfield>
    <subfield code="e">rda</subfield>
    <subfield code="c">Uk</subfield>
  </datafield>
  <datafield tag="110" ind1="2" ind2=" ">
    <subfield code="a">Palazzo Barni (Lodi, Italy)</subfield>
  </datafield>
  <datafield tag="370" ind1=" " ind2=" ">
    <subfield code="c">Italy</subfield>
    <subfield code="e">Lodi (Italy)</subfield>
    <subfield code="2">naf</subfield>
  </datafield>
  <datafield tag="670" ind1=" " ind2=" ">
    <subfield code="a">L&apos;animo gentile, c2017:</subfield>
    <subfield code="b">t.p. verso (Palazzo Barni, Lodi)</subfield>
  </datafield>
</record>