
<record>
  <leader>00889nz  a2200229n  4500</leader>
  <controlfield tag="001">11256817</controlfield>
  <controlfield tag="003">DLC</controlfield>
  <controlfield tag="005">20200101050902.0</controlfield>
  <controlfield tag="008">191231n| azannaabn          |n aaa      </controlfield>
  <datafield tag="010" ind1=" " ind2=" ">
    <subfield code="a">nb2019024498</subfield>
  </datafield>
  <datafield tag="035" ind1=" " ind2=" ">
    <subfield code="a">(Uk)010712129</subfield>
  </datafield>
  <datafield tag="040" ind1=" " ind2=" ">
    <subfield code="a">Uk</subfield>
    <subfield code="b">eng</subfield>
    <subfield code="e">rda</subfield>
    <subfield code="c">Uk</subfield>
  </datafield>
  <datafield tag="046" ind1=" " ind2=" ">
    <subfield code="f">1976-10-01</subfield>
    <subfield code="2">edtf</subfield>
  </datafield>
  <datafield tag="100" ind1="1" ind2=" ">
    <subfield code="a">Piličiauskas, Gytis</subfield>
  </datafield>
  <datafield tag="370" ind1=" " ind2=" ">
    <subfield code="c">Lithuania</subfield>
    <subfield code="f">Vilnius (Lithuania)</subfield>
    <subfield code="2">naf</subfield>
  </datafield>
  <datafield tag="372" ind1=" " ind2=" ">
    <subfield code="a">Archaeology</subfield>
    <subfield code="2">lcsh</subfield>
  </datafield>
  <datafield tag="373" ind1=" " ind2=" ">
    <subfield code="a">Lietuvos Istorijos institutas. Archeologijos skyrius</subfield>
  </datafield>
  <datafield tag="374" ind1=" " ind2=" ">
    <subfield code="a">Archaeologists</subfield>
    <subfield code="2">lcsh</subfield>
  </datafield>
  <datafield tag="375" ind1=" " ind2=" ">
    <subfield code="a">Males</subfield>
    <subfield code="2">lcsh</subfield>
  </datafield>
  <datafield tag="377" ind1=" " ind2=" ">
    <subfield code="a">lit</subfield>
  </datafield>
  <datafield tag="670" ind1=" " ind2=" ">
    <subfield code="a">Virvelinės keramikos kultūra Lietuvoje, 2800-2400 cal BC, 2018:</subfield>
    <subfield code="b">t.p. (Gytis Piličiauskas)</subfield>
  </datafield>
  <datafield tag="670" ind1=" " ind2=" ">
    <subfield code="a">Website of Lietuvos istorijos institutas, viewed 31 Dec. 2019:</subfield>
    <subfield code="b">staff list (Gytis Piličiauskas, b. 1 October 1976 in Vilnius; archaeologist; gained his PhD in 2008; researcher in the department of archaeology)</subfield>
  </datafield>
</record>