
<record>
  <leader>00788nz  a2200169n  4500</leader>
  <controlfield tag="001">11256820</controlfield>
  <controlfield tag="003">DLC</controlfield>
  <controlfield tag="005">20200101073002.0</controlfield>
  <controlfield tag="008">191231n| azannaabn          |a ana     c</controlfield>
  <datafield tag="010" ind1=" " ind2=" ">
    <subfield code="a">no2019191130</subfield>
  </datafield>
  <datafield tag="035" ind1=" " ind2=" ">
    <subfield code="a">(OCoLC)oca12661931</subfield>
  </datafield>
  <datafield tag="040" ind1=" " ind2=" ">
    <subfield code="a">ICU</subfield>
    <subfield code="b">eng</subfield>
    <subfield code="e">rda</subfield>
    <subfield code="c">ICU</subfield>
  </datafield>
  <datafield tag="046" ind1=" " ind2=" ">
    <subfield code="s">1941-08-30</subfield>
    <subfield code="t">1941-09-01</subfield>
    <subfield code="2">edtf</subfield>
  </datafield>
  <datafield tag="110" ind1="2" ind2=" ">
    <subfield code="a">Czech American National Alliance.</subfield>
    <subfield code="b">Convention</subfield>
    <subfield code="n">(2nd :</subfield>
    <subfield code="d">1941 :</subfield>
    <subfield code="c">Chicago, Ill.)</subfield>
  </datafield>
  <datafield tag="370" ind1=" " ind2=" ">
    <subfield code="e">Chicago (Ill.)</subfield>
    <subfield code="2">naf</subfield>
  </datafield>
  <datafield tag="410" ind1="2" ind2=" ">
    <subfield code="a">Second CANA Convention</subfield>
  </datafield>
  <datafield tag="670" ind1=" " ind2=" ">
    <subfield code="a">Druhý sjezd Českého národního sdružení v Americe, 1941:</subfield>
    <subfield code="b">title page (Druhý sjezd Českého národního sdružení v Americe konaný ... ve dnech 30., 31. srpna a 1. září 1941 ve dvoraně Sokola Havlíček-Tyrš, Chicago, Illinois, U.S.A.) title page verso (Second CANA Convention)</subfield>
  </datafield>
</record>