
<record>
  <leader>00969nz  a2200229n  4500</leader>
  <controlfield tag="001">11256821</controlfield>
  <controlfield tag="003">DLC</controlfield>
  <controlfield tag="005">20200101073002.0</controlfield>
  <controlfield tag="008">191231n| azannaabn          |a aaa     c</controlfield>
  <datafield tag="010" ind1=" " ind2=" ">
    <subfield code="a">no2019191137</subfield>
  </datafield>
  <datafield tag="035" ind1=" " ind2=" ">
    <subfield code="a">(OCoLC)oca12663838</subfield>
  </datafield>
  <datafield tag="040" ind1=" " ind2=" ">
    <subfield code="a">OU</subfield>
    <subfield code="b">eng</subfield>
    <subfield code="e">rda</subfield>
    <subfield code="c">OU</subfield>
  </datafield>
  <datafield tag="046" ind1=" " ind2=" ">
    <subfield code="f">1833</subfield>
    <subfield code="g">1907</subfield>
    <subfield code="2">edtf</subfield>
  </datafield>
  <datafield tag="100" ind1="1" ind2=" ">
    <subfield code="a">Goerth, A.</subfield>
    <subfield code="q">(Albrecht),</subfield>
    <subfield code="d">1833-1907</subfield>
  </datafield>
  <datafield tag="374" ind1=" " ind2=" ">
    <subfield code="a">Authors</subfield>
    <subfield code="2">lcsh</subfield>
  </datafield>
  <datafield tag="375" ind1=" " ind2=" ">
    <subfield code="a">Males</subfield>
    <subfield code="2">lcdgt</subfield>
  </datafield>
  <datafield tag="378" ind1=" " ind2=" ">
    <subfield code="q">Albrecht</subfield>
  </datafield>
  <datafield tag="400" ind1="1" ind2=" ">
    <subfield code="a">Goerth, Albr.</subfield>
    <subfield code="q">(Albrecht),</subfield>
    <subfield code="d">1833-1907</subfield>
  </datafield>
  <datafield tag="400" ind1="1" ind2=" ">
    <subfield code="a">Goerth, Albrecht,</subfield>
    <subfield code="d">1833-1907</subfield>
  </datafield>
  <datafield tag="670" ind1=" " ind2=" ">
    <subfield code="a">Einführung in das Studium der Dichtkunst, 1883-1884:</subfield>
    <subfield code="b">title page (A. Goerth)</subfield>
  </datafield>
  <datafield tag="670" ind1=" " ind2=" ">
    <subfield code="a">Erziehung und Ausbildung der Mädchen, 1894:</subfield>
    <subfield code="b">title page (Albr. Goerth)</subfield>
  </datafield>
  <datafield tag="670" ind1=" " ind2=" ">
    <subfield code="a">German National Library via VIAF, Dec. 30, 2019</subfield>
    <subfield code="b">(identifier: http://d-nb.info/gnd/116729694; GAC: XA-DE; preferred: Goerth, Albrecht 1833-1907; gender: 1; variant: Goerth, A.; Goerth, Albr.; related: Insterburg)</subfield>
    <subfield code="u">http://www.viaf.org/processed/DNB%7C116729694</subfield>
  </datafield>
</record>