
<record>
  <leader>00631nz  a2200133n  4500</leader>
  <controlfield tag="001">11256823</controlfield>
  <controlfield tag="003">DLC</controlfield>
  <controlfield tag="005">20200101073002.0</controlfield>
  <controlfield tag="008">191231n| azannaabn          |n aaa     c</controlfield>
  <datafield tag="010" ind1=" " ind2=" ">
    <subfield code="a">no2019191139</subfield>
  </datafield>
  <datafield tag="035" ind1=" " ind2=" ">
    <subfield code="a">(OCoLC)oca12663840</subfield>
  </datafield>
  <datafield tag="040" ind1=" " ind2=" ">
    <subfield code="a">CaBVa</subfield>
    <subfield code="b">eng</subfield>
    <subfield code="e">rda</subfield>
    <subfield code="c">CaBVa</subfield>
  </datafield>
  <datafield tag="100" ind1="1" ind2=" ">
    <subfield code="a">Potts, Olivia</subfield>
  </datafield>
  <datafield tag="670" ind1=" " ind2=" ">
    <subfield code="a">A half baked idea, 2019:</subfield>
    <subfield code="b">title page (Olivia Potts) dust jacket flap (Olivia Potts is an award-winning food writer and chef; practised as a criminal barrister for five years before deciding to leave the Bar for a career in food; in 2017 she graduated from Le Cordon Blea; the cookery columnist for the Spectator; this is her first book)</subfield>
  </datafield>
</record>