
<record>
  <leader>00887nz  a2200217n  4500</leader>
  <controlfield tag="001">11256825</controlfield>
  <controlfield tag="003">DLC</controlfield>
  <controlfield tag="005">20200101073002.0</controlfield>
  <controlfield tag="008">191231n| azannaabn          |b aaa     c</controlfield>
  <datafield tag="010" ind1=" " ind2=" ">
    <subfield code="a">no2019191149</subfield>
  </datafield>
  <datafield tag="035" ind1=" " ind2=" ">
    <subfield code="a">(OCoLC)oca12663850</subfield>
  </datafield>
  <datafield tag="040" ind1=" " ind2=" ">
    <subfield code="a">ICrlF</subfield>
    <subfield code="b">eng</subfield>
    <subfield code="e">rda</subfield>
    <subfield code="c">ICrlF</subfield>
  </datafield>
  <datafield tag="046" ind1=" " ind2=" ">
    <subfield code="k">2019</subfield>
    <subfield code="2">edtf</subfield>
  </datafield>
  <datafield tag="100" ind1="1" ind2=" ">
    <subfield code="a">Sumino, Yoru.</subfield>
    <subfield code="t">Kimi no suizō o tabetai.</subfield>
    <subfield code="l">English</subfield>
  </datafield>
  <datafield tag="377" ind1=" " ind2=" ">
    <subfield code="a">eng</subfield>
  </datafield>
  <datafield tag="381" ind1=" " ind2=" ">
    <subfield code="a">Conrad</subfield>
  </datafield>
  <datafield tag="400" ind1="1" ind2=" ">
    <subfield code="a">Sumino, Yoru.</subfield>
    <subfield code="t">I want to eat your pancreas</subfield>
  </datafield>
  <datafield tag="400" ind1="1" ind2=" ">
    <subfield code="a">Sumino, Yoru.</subfield>
    <subfield code="t">君の膵臓をたべたい.</subfield>
    <subfield code="l">English</subfield>
  </datafield>
  <datafield tag="667" ind1=" " ind2=" ">
    <subfield code="a">Non-Latin script reference not evaluated.</subfield>
  </datafield>
  <datafield tag="670" ind1=" " ind2=" ">
    <subfield code="a">Sumino, Yoru. I want to eat your pancreas, 2019:</subfield>
    <subfield code="b">colophon (translation, Beni Axia Conrad ; originally published in Japan in 2016 by Futabasha Publishers Ltd., Japan)</subfield>
  </datafield>
  <datafield tag="670" ind1=" " ind2=" ">
    <subfield code="a">OCLC, viewed Dec. 31, 2019</subfield>
    <subfield code="b">(君の膵臓をたべたい = Kimi no suizō o tabetai / Yoru Sumino. Futabasha, 2015)</subfield>
  </datafield>
</record>