
<record>
  <leader>00745nz  a2200205n  4500</leader>
  <controlfield tag="001">11256829</controlfield>
  <controlfield tag="003">DLC</controlfield>
  <controlfield tag="005">20200101073002.0</controlfield>
  <controlfield tag="008">191231n| azabaaaan          |a aaa     c</controlfield>
  <datafield tag="010" ind1=" " ind2=" ">
    <subfield code="a">no2019191159</subfield>
  </datafield>
  <datafield tag="035" ind1=" " ind2=" ">
    <subfield code="a">(OCoLC)oca12663860</subfield>
  </datafield>
  <datafield tag="040" ind1=" " ind2=" ">
    <subfield code="a">ICU</subfield>
    <subfield code="b">eng</subfield>
    <subfield code="e">rda</subfield>
    <subfield code="c">ICU</subfield>
  </datafield>
  <datafield tag="100" ind1="1" ind2=" ">
    <subfield code="a">Adorno, Theodor W.,</subfield>
    <subfield code="d">1903-1969.</subfield>
    <subfield code="t">Nachgelassene Schriften.</subfield>
    <subfield code="n">Abteilung V,</subfield>
    <subfield code="p">Vorträge und Gespräche</subfield>
  </datafield>
  <datafield tag="430" ind1=" " ind2="0">
    <subfield code="a">Nachgelassene Schriften.</subfield>
    <subfield code="n">Abteilung V,</subfield>
    <subfield code="p">Vorträge und Gespräche</subfield>
  </datafield>
  <datafield tag="642" ind1=" " ind2=" ">
    <subfield code="a">Bd.1</subfield>
    <subfield code="5">DPCC</subfield>
    <subfield code="5">ICU</subfield>
  </datafield>
  <datafield tag="643" ind1=" " ind2=" ">
    <subfield code="a">Frankfurt am Main</subfield>
    <subfield code="b">Suhrkamp</subfield>
  </datafield>
  <datafield tag="644" ind1=" " ind2=" ">
    <subfield code="a">f</subfield>
    <subfield code="5">ICU</subfield>
  </datafield>
  <datafield tag="645" ind1=" " ind2=" ">
    <subfield code="a">t</subfield>
    <subfield code="5">DPCC</subfield>
    <subfield code="5">ICU</subfield>
  </datafield>
  <datafield tag="646" ind1=" " ind2=" ">
    <subfield code="a">s</subfield>
    <subfield code="5">ICU</subfield>
  </datafield>
  <datafield tag="670" ind1=" " ind2=" ">
    <subfield code="a">Adorno, Theodor W. Vorträge 1949-1968, 2019 :</subfield>
    <subfield code="b">series title page (Nachgelassene Schriften. Abteilung V, Vorträge und Gespräche).</subfield>
  </datafield>
</record>