
<record>
  <leader>01356nz  a2200265n  4500</leader>
  <controlfield tag="001">11256831</controlfield>
  <controlfield tag="003">DLC</controlfield>
  <controlfield tag="005">20200101073002.0</controlfield>
  <controlfield tag="008">191230n| azannaabn          |b aaa     c</controlfield>
  <datafield tag="010" ind1=" " ind2=" ">
    <subfield code="a">no2019191188</subfield>
  </datafield>
  <datafield tag="035" ind1=" " ind2=" ">
    <subfield code="a">(OCoLC)oca12663889</subfield>
  </datafield>
  <datafield tag="040" ind1=" " ind2=" ">
    <subfield code="a">NNFr</subfield>
    <subfield code="b">eng</subfield>
    <subfield code="e">rda</subfield>
    <subfield code="c">NNFr</subfield>
  </datafield>
  <datafield tag="046" ind1=" " ind2=" ">
    <subfield code="f">1910-08-12</subfield>
    <subfield code="g">1996-07-28</subfield>
    <subfield code="2">edtf</subfield>
  </datafield>
  <datafield tag="100" ind1="1" ind2=" ">
    <subfield code="a">Ėĭges, Olʹga,</subfield>
    <subfield code="d">1910-1996</subfield>
  </datafield>
  <datafield tag="370" ind1=" " ind2=" ">
    <subfield code="a">Smolensk (Russia)</subfield>
    <subfield code="b">Moscow (Russia)</subfield>
    <subfield code="c">Soviet Union</subfield>
    <subfield code="2">naf</subfield>
  </datafield>
  <datafield tag="372" ind1=" " ind2=" ">
    <subfield code="a">Art</subfield>
    <subfield code="a">Posters</subfield>
    <subfield code="a">Graphic arts</subfield>
    <subfield code="a">Commercial art</subfield>
    <subfield code="2">lcsh</subfield>
  </datafield>
  <datafield tag="373" ind1=" " ind2=" ">
    <subfield code="a">Moskovskiĭ institut izobrazitelʹnykh iskusstv</subfield>
    <subfield code="2">naf</subfield>
  </datafield>
  <datafield tag="374" ind1=" " ind2=" ">
    <subfield code="a">Artists</subfield>
    <subfield code="a">Graphic artists</subfield>
    <subfield code="a">Commercial artists</subfield>
    <subfield code="2">lcdgt</subfield>
  </datafield>
  <datafield tag="375" ind1=" " ind2=" ">
    <subfield code="a">Females</subfield>
    <subfield code="2">lcdgt</subfield>
  </datafield>
  <datafield tag="400" ind1="1" ind2=" ">
    <subfield code="a">Эйгес, Ольга,</subfield>
    <subfield code="d">1910-1996</subfield>
  </datafield>
  <datafield tag="400" ind1="1" ind2=" ">
    <subfield code="a">Eyges, Olga,</subfield>
    <subfield code="d">1910-1996</subfield>
  </datafield>
  <datafield tag="400" ind1="1" ind2=" ">
    <subfield code="a">Ėjges, Olʹga Vjačeslavova,</subfield>
    <subfield code="d">1910-1996</subfield>
  </datafield>
  <datafield tag="667" ind1=" " ind2=" ">
    <subfield code="a">Non-Latin script reference not evaluated.</subfield>
  </datafield>
  <datafield tag="670" ind1=" " ind2=" ">
    <subfield code="a">Olʹga Ėĭges, 1910-1996, 2014:</subfield>
    <subfield code="b">title page (Ольга Эйгес = Olʹga Ėĭges; 1910-1996) title page verso (Olga Eyges; paintings and graphic work) page 7 (studied poster design at Moskovskiĭ institut izobrazitelʹnykh iskusstv; usage: female pronouns)</subfield>
  </datafield>
  <datafield tag="670" ind1=" " ind2=" ">
    <subfield code="a">Allegemeines Künstlerlexikon via WWW, 30 December 2019</subfield>
    <subfield code="b">(heading: Ėjges, Olʹga Vjačeslavovna; artist, poster artist, commercial artist; female; born 12 August 1910, Smolensk; died 28 July 1928, Moscow)</subfield>
  </datafield>
</record>