
<record>
  <leader>01628nz  a2200253n  4500</leader>
  <controlfield tag="001">11256833</controlfield>
  <controlfield tag="003">DLC</controlfield>
  <controlfield tag="005">20200101073002.0</controlfield>
  <controlfield tag="008">191231n| azannaabn          |a aaa     c</controlfield>
  <datafield tag="010" ind1=" " ind2=" ">
    <subfield code="a">no2019191190</subfield>
  </datafield>
  <datafield tag="035" ind1=" " ind2=" ">
    <subfield code="a">(OCoLC)oca12663891</subfield>
  </datafield>
  <datafield tag="040" ind1=" " ind2=" ">
    <subfield code="a">MiBsA</subfield>
    <subfield code="b">eng</subfield>
    <subfield code="c">MiBsA</subfield>
    <subfield code="e">rda</subfield>
  </datafield>
  <datafield tag="046" ind1=" " ind2=" ">
    <subfield code="f">19490108</subfield>
  </datafield>
  <datafield tag="100" ind1="1" ind2=" ">
    <subfield code="a">Bailey, Rudolph D. N.,</subfield>
    <subfield code="d">1949-</subfield>
  </datafield>
  <datafield tag="373" ind1=" " ind2=" ">
    <subfield code="a">Medicine Hat School District No. 76, Canada</subfield>
  </datafield>
  <datafield tag="374" ind1=" " ind2=" ">
    <subfield code="a">Educator</subfield>
    <subfield code="a">Counselor</subfield>
  </datafield>
  <datafield tag="375" ind1=" " ind2=" ">
    <subfield code="a">male</subfield>
  </datafield>
  <datafield tag="377" ind1=" " ind2=" ">
    <subfield code="a">eng</subfield>
  </datafield>
  <datafield tag="378" ind1=" " ind2=" ">
    <subfield code="q">Rudolph David Nathaniel</subfield>
  </datafield>
  <datafield tag="400" ind1="1" ind2=" ">
    <subfield code="a">Bailey, Rudolph D. N.</subfield>
    <subfield code="q">(Rudolph David Nathaniel),</subfield>
    <subfield code="d">1949-</subfield>
  </datafield>
  <datafield tag="400" ind1="1" ind2=" ">
    <subfield code="a">Bailey, Rudolph David Nathaniel,</subfield>
    <subfield code="d">1949-</subfield>
  </datafield>
  <datafield tag="670" ind1=" " ind2=" ">
    <subfield code="a">A revisitation of the WISC-R factor structure with adequate sample size, systematic control of both IQ and age ranges, and the use of procedures to limit overfactorization, c1993:</subfield>
    <subfield code="b">t.p. (Rudolph D. N. Bailey, Ph.D. from Andrews University, Mich.) leaf 527 (Rudolph David Nathaniel Bailey; b. Jan. 8, 1949; B.A., Columbia Union College, 1972; M.A., University of London, 1974; M.A., Andrews University, 1975; consultant, elementary counselor, Medicine Hat School District No. 76, Canada)</subfield>
  </datafield>
  <datafield tag="670" ind1=" " ind2=" ">
    <subfield code="a">Andrews University website, Dec. 31, 2019</subfield>
    <subfield code="b">(Rudolph David Bailey; gender: male)</subfield>
  </datafield>
  <datafield tag="678" ind1="0" ind2=" ">
    <subfield code="a">Rudolph D. N. Bailey was born on Jan. 8, 1949.  He graduated with B.A. from Columbia Union College in 1972.  He finished his M.A. from University of London in 1974.  He also finished an M.A. from Andrews University, Mich. in 1975.  He completed his Ph.D. from Andrews University in 1993.  He worked as consultant and elementary counselor at Medicine Hat School District No. 76 in Canada.</subfield>
  </datafield>
</record>