
<record>
  <leader>00484nz  a2200157n  4500</leader>
  <controlfield tag="001">11256837</controlfield>
  <controlfield tag="003">DLC</controlfield>
  <controlfield tag="005">20200101073002.0</controlfield>
  <controlfield tag="008">191231n| azannaabn          |n aaa     c</controlfield>
  <datafield tag="010" ind1=" " ind2=" ">
    <subfield code="a">no2019191210</subfield>
  </datafield>
  <datafield tag="035" ind1=" " ind2=" ">
    <subfield code="a">(OCoLC)oca12663911</subfield>
  </datafield>
  <datafield tag="040" ind1=" " ind2=" ">
    <subfield code="a">WaBeWWUM</subfield>
    <subfield code="b">eng</subfield>
    <subfield code="e">rda</subfield>
    <subfield code="c">WaBeWWUM</subfield>
  </datafield>
  <datafield tag="100" ind1="1" ind2=" ">
    <subfield code="a">Earling, Dave</subfield>
  </datafield>
  <datafield tag="370" ind1=" " ind2=" ">
    <subfield code="f">Washington (State)</subfield>
    <subfield code="2">naf</subfield>
  </datafield>
  <datafield tag="374" ind1=" " ind2=" ">
    <subfield code="a">Conductors (Music)</subfield>
    <subfield code="2">lcdgt</subfield>
  </datafield>
  <datafield tag="670" ind1=" " ind2=" ">
    <subfield code="a">San Juan Music Educators Honor Festival 1978, 1978:</subfield>
    <subfield code="b">disc label (Dave Earling, conductor, Honor Band)</subfield>
  </datafield>
</record>