
<record>
  <leader>01761nz  a2200253n  4500</leader>
  <controlfield tag="001">11256841</controlfield>
  <controlfield tag="003">DLC</controlfield>
  <controlfield tag="005">20200101073003.0</controlfield>
  <controlfield tag="008">191231n| azannaabn          |a aaa     c</controlfield>
  <datafield tag="010" ind1=" " ind2=" ">
    <subfield code="a">no2019191249</subfield>
  </datafield>
  <datafield tag="035" ind1=" " ind2=" ">
    <subfield code="a">(OCoLC)oca12663950</subfield>
  </datafield>
  <datafield tag="040" ind1=" " ind2=" ">
    <subfield code="a">MnU</subfield>
    <subfield code="b">eng</subfield>
    <subfield code="e">rda</subfield>
    <subfield code="c">MnU</subfield>
  </datafield>
  <datafield tag="046" ind1=" " ind2=" ">
    <subfield code="f">1946-02-03</subfield>
    <subfield code="g">2018-05-05</subfield>
    <subfield code="2">edtf</subfield>
  </datafield>
  <datafield tag="100" ind1="1" ind2=" ">
    <subfield code="a">Gandré, Marilyn,</subfield>
    <subfield code="d">1946-2018</subfield>
  </datafield>
  <datafield tag="370" ind1=" " ind2=" ">
    <subfield code="a">Holladay (Utah)</subfield>
    <subfield code="c">United States</subfield>
    <subfield code="e">Salt Lake City (Utah)</subfield>
    <subfield code="2">naf</subfield>
  </datafield>
  <datafield tag="372" ind1=" " ind2=" ">
    <subfield code="a">Paper doll making</subfield>
    <subfield code="a">Graphic arts</subfield>
    <subfield code="2">lcsh</subfield>
  </datafield>
  <datafield tag="374" ind1=" " ind2=" ">
    <subfield code="a">Artists</subfield>
    <subfield code="a">Illustrators</subfield>
    <subfield code="2">lcsh</subfield>
  </datafield>
  <datafield tag="375" ind1=" " ind2=" ">
    <subfield code="a">Females</subfield>
    <subfield code="2">lcdgt</subfield>
  </datafield>
  <datafield tag="377" ind1=" " ind2=" ">
    <subfield code="a">eng</subfield>
  </datafield>
  <datafield tag="378" ind1=" " ind2=" ">
    <subfield code="q">Marilyn Omer</subfield>
  </datafield>
  <datafield tag="510" ind1="2" ind2=" ">
    <subfield code="w">r</subfield>
    <subfield code="i">Founded corporate body of person:</subfield>
    <subfield code="a">Peck-Gandré</subfield>
  </datafield>
  <datafield tag="670" ind1=" " ind2=" ">
    <subfield code="a">Peck-Gandré. Little Red Riding Hood, ©1988:</subfield>
    <subfield code="b">container (Peck-Gandré; a paper doll from Enchanted Forest Series and story as retold by Peck-Gandré; 4190 South State Street, Salt Lake City, Utah 84107)</subfield>
  </datafield>
  <datafield tag="670" ind1=" " ind2=" ">
    <subfield code="a">Swedin, Karen Boren. Fairytale fantasies, pretty paper dolls with old-fashioned charm and appeal, story in Deseret news, October 23, 1988, viewed online December 31, 2019</subfield>
    <subfield code="b">(Salt Lakers Linda Peck and Marilyn Gandré; Peck-Gandré; Gandré paints the dolls, Peck writes a version of the fairy tale, both of them do the clothing)</subfield>
    <subfield code="u">https://www.deseret.com/1988/10/23/18782235/fairytale-fantasies-br-pretty-paper-dolls-with-old-fashioned-charm-and-appeal</subfield>
  </datafield>
  <datafield tag="670" ind1=" " ind2=" ">
    <subfield code="a">Marilyn Omer &quot;Marni&quot; Gandré obituary from Deseret news, May 9, 1028, viewed on Legacy.com web site, December 31, 2019</subfield>
    <subfield code="b">(Marilyn Gandré, died May 5, 2018; born February 3, 1946, Holladay, Utah; she studied art at University of Utah; career as a portrait artist and art teacher; also established several businesses)</subfield>
    <subfield code="u">https://www.legacy.com/obituaries/name/marilyn-gandre-obituary?pid=188956260</subfield>
  </datafield>
</record>