
<record>
  <leader>01349nz  a2200253n  4500</leader>
  <controlfield tag="001">11256843</controlfield>
  <controlfield tag="003">DLC</controlfield>
  <controlfield tag="005">20200101073003.0</controlfield>
  <controlfield tag="008">191231n| azannaabn          |a aaa     c</controlfield>
  <datafield tag="010" ind1=" " ind2=" ">
    <subfield code="a">no2019191260</subfield>
  </datafield>
  <datafield tag="035" ind1=" " ind2=" ">
    <subfield code="a">(OCoLC)oca12663961</subfield>
  </datafield>
  <datafield tag="040" ind1=" " ind2=" ">
    <subfield code="a">UOr</subfield>
    <subfield code="b">eng</subfield>
    <subfield code="e">rda</subfield>
    <subfield code="c">UOr</subfield>
  </datafield>
  <datafield tag="046" ind1=" " ind2=" ">
    <subfield code="f">1985-01-25</subfield>
    <subfield code="2">edtf</subfield>
  </datafield>
  <datafield tag="100" ind1="1" ind2=" ">
    <subfield code="a">Croner, H. Michael,</subfield>
    <subfield code="d">1985-</subfield>
  </datafield>
  <datafield tag="370" ind1=" " ind2=" ">
    <subfield code="e">Los Angeles (Calif.)</subfield>
    <subfield code="2">naf</subfield>
  </datafield>
  <datafield tag="372" ind1=" " ind2=" ">
    <subfield code="a">Television</subfield>
    <subfield code="a">Motion pictures</subfield>
    <subfield code="a">Comedy sketches</subfield>
    <subfield code="a">Theater</subfield>
    <subfield code="2">lcsh</subfield>
  </datafield>
  <datafield tag="374" ind1=" " ind2=" ">
    <subfield code="a">Actos</subfield>
    <subfield code="a">Voice actors and actresses</subfield>
    <subfield code="a">Comedians</subfield>
    <subfield code="2">lcsh</subfield>
  </datafield>
  <datafield tag="375" ind1=" " ind2=" ">
    <subfield code="a">Males</subfield>
    <subfield code="2">lcdgt</subfield>
  </datafield>
  <datafield tag="377" ind1=" " ind2=" ">
    <subfield code="a">eng</subfield>
  </datafield>
  <datafield tag="400" ind1="1" ind2=" ">
    <subfield code="a">Croner, Michael,</subfield>
    <subfield code="d">1985-</subfield>
  </datafield>
  <datafield tag="670" ind1=" " ind2=" ">
    <subfield code="a">UniKitty!. The complete first season, 2019:</subfield>
    <subfield code="b">title frame (Michael Croner, voice cast member)</subfield>
  </datafield>
  <datafield tag="670" ind1=" " ind2=" ">
    <subfield code="a">IMDb, December 30, 2019</subfield>
    <subfield code="b">(H. Michael Croner, actor, voice actor, screenwriter; born January 25, 1985, in the United States; active in television and film since about 2007; frequently credited as Michael Croner)</subfield>
  </datafield>
  <datafield tag="670" ind1=" " ind2=" ">
    <subfield code="a">16th Annual SF Sketchfest, the San Francisco Comedy Festival, January 2017 profile page for  H. Michael Croner, accessed via WWW, December 30, 2019</subfield>
    <subfield code="b">(H. Michael Croner, writer/actor based in Los Angeles; also a main company member in the Groundlings Theater where he has directed sketch comedy)</subfield>
  </datafield>
  <datafield tag="670" ind1=" " ind2=" ">
    <subfield code="a">Intelius, via WWW, December 30, 2019</subfield>
    <subfield code="b">(H. Michael Croner; lives in Los Angeles, California)</subfield>
  </datafield>
</record>