
<record>
  <leader>01403nz  a2200253n  4500</leader>
  <controlfield tag="001">11256848</controlfield>
  <controlfield tag="003">DLC</controlfield>
  <controlfield tag="005">20200101073003.0</controlfield>
  <controlfield tag="008">191231n| azannaabn          |n aaa     c</controlfield>
  <datafield tag="010" ind1=" " ind2=" ">
    <subfield code="a">no2019191278</subfield>
  </datafield>
  <datafield tag="035" ind1=" " ind2=" ">
    <subfield code="a">(OCoLC)oca12663979</subfield>
  </datafield>
  <datafield tag="040" ind1=" " ind2=" ">
    <subfield code="a">UOr</subfield>
    <subfield code="b">eng</subfield>
    <subfield code="e">rda</subfield>
    <subfield code="c">UOr</subfield>
  </datafield>
  <datafield tag="046" ind1=" " ind2=" ">
    <subfield code="f">1984-12-25</subfield>
    <subfield code="2">edtf</subfield>
  </datafield>
  <datafield tag="100" ind1="1" ind2=" ">
    <subfield code="a">Hyde, Brandon D.,</subfield>
    <subfield code="d">1984-</subfield>
  </datafield>
  <datafield tag="370" ind1=" " ind2=" ">
    <subfield code="a">Brandon (Fla. )</subfield>
    <subfield code="e">Plant City (Fla. )</subfield>
    <subfield code="f">Jefferson City (Tenn.)</subfield>
    <subfield code="2">naf</subfield>
  </datafield>
  <datafield tag="372" ind1=" " ind2=" ">
    <subfield code="a">Cinematography</subfield>
    <subfield code="a">Motion pictures</subfield>
    <subfield code="a">Television</subfield>
    <subfield code="a">Business</subfield>
    <subfield code="2">lcsh</subfield>
  </datafield>
  <datafield tag="373" ind1=" " ind2=" ">
    <subfield code="a">Southeastern University (Lakeland, Fla.)</subfield>
    <subfield code="2">naf</subfield>
  </datafield>
  <datafield tag="374" ind1=" " ind2=" ">
    <subfield code="a">Cinematographers</subfield>
    <subfield code="a">Camera operators</subfield>
    <subfield code="2">lcsh</subfield>
  </datafield>
  <datafield tag="375" ind1=" " ind2=" ">
    <subfield code="a">Males</subfield>
    <subfield code="2">lcdgt</subfield>
  </datafield>
  <datafield tag="377" ind1=" " ind2=" ">
    <subfield code="a">eng</subfield>
  </datafield>
  <datafield tag="378" ind1=" " ind2=" ">
    <subfield code="q">Brandon David</subfield>
  </datafield>
  <datafield tag="670" ind1=" " ind2=" ">
    <subfield code="a">Bernie the dolphin 2, 2019:</subfield>
    <subfield code="b">title frame (director of photography, Brandon D. Hyde)</subfield>
  </datafield>
  <datafield tag="670" ind1=" " ind2=" ">
    <subfield code="a">IMDb, December 30, 2019</subfield>
    <subfield code="b">(Brandon D. Hyde, cinematographer, camera operator, sound editor; born December 25, 1984, in Brandon, Florida, as Brandon David Hyde; graduated from Southeastern University in Lakeland, Florida, in 2009, with a B.A. in film studies; owns a video production company in Tampa, Florida; active in film and television since about 2009)</subfield>
  </datafield>
  <datafield tag="670" ind1=" " ind2=" ">
    <subfield code="a">Facebook, via WWW, December 30, 2019</subfield>
    <subfield code="b">(Brandon Hyde; works as a freelance cinematographer and also as in-house director of photography for Digital Caviar; lists hometown as Jefferson City, Tennessee, and current city as Plant City, Florida)</subfield>
  </datafield>
</record>