
<record>
  <leader>00618nz  a2200157n  4500</leader>
  <controlfield tag="001">11256849</controlfield>
  <controlfield tag="003">DLC</controlfield>
  <controlfield tag="005">20200101073003.0</controlfield>
  <controlfield tag="008">191231n| azannaabn          |n aaa     c</controlfield>
  <datafield tag="010" ind1=" " ind2=" ">
    <subfield code="a">no2019191279</subfield>
  </datafield>
  <datafield tag="035" ind1=" " ind2=" ">
    <subfield code="a">(OCoLC)oca12663980</subfield>
  </datafield>
  <datafield tag="040" ind1=" " ind2=" ">
    <subfield code="a">ICrlF</subfield>
    <subfield code="b">eng</subfield>
    <subfield code="e">rda</subfield>
    <subfield code="c">ICrlF</subfield>
  </datafield>
  <datafield tag="100" ind1="1" ind2=" ">
    <subfield code="a">Carlson, Richard,</subfield>
    <subfield code="c">Jr.</subfield>
    <subfield code="t">Bilingual children&apos;s picture dictionary book of colors.</subfield>
    <subfield code="l">Persian</subfield>
  </datafield>
  <datafield tag="373" ind1=" " ind2=" ">
    <subfield code="a">OneHourTranslation.com</subfield>
  </datafield>
  <datafield tag="377" ind1=" " ind2=" ">
    <subfield code="a">per</subfield>
  </datafield>
  <datafield tag="670" ind1=" " ind2=" ">
    <subfield code="a">Carlson, Richard, Jr. Bilingual children&apos;s picture dictionary book of colors, 2017 :</subfield>
    <subfield code="b">t.p. (parallel title in Persian) t.p. verso (professional human translations by OneHourTranslation.com)</subfield>
  </datafield>
</record>