
<record>
  <leader>00521nz  a2200145n  4500</leader>
  <controlfield tag="001">11256853</controlfield>
  <controlfield tag="003">DLC</controlfield>
  <controlfield tag="005">20200101073003.0</controlfield>
  <controlfield tag="008">191231n| azannaabn          |n ana     c</controlfield>
  <datafield tag="010" ind1=" " ind2=" ">
    <subfield code="a">no2019191296</subfield>
  </datafield>
  <datafield tag="035" ind1=" " ind2=" ">
    <subfield code="a">(OCoLC)oca12664007</subfield>
  </datafield>
  <datafield tag="040" ind1=" " ind2=" ">
    <subfield code="a">Vi</subfield>
    <subfield code="b">eng</subfield>
    <subfield code="e">rda</subfield>
    <subfield code="c">Vi</subfield>
  </datafield>
  <datafield tag="110" ind1="2" ind2=" ">
    <subfield code="a">West Augusta United Methodist Church (West Augusta, Va.)</subfield>
  </datafield>
  <datafield tag="370" ind1=" " ind2=" ">
    <subfield code="c">United States</subfield>
    <subfield code="e">West Augusta (Va.)</subfield>
    <subfield code="2">naf</subfield>
  </datafield>
  <datafield tag="670" ind1=" " ind2=" ">
    <subfield code="a">Second addition Shenandoah Valley cook book, 1977:</subfield>
    <subfield code="b">cover (West Augusta United Methodist Church) page 6 (West Augusta, Virginia 24485)</subfield>
  </datafield>
</record>