
<record>
  <leader>01476nz  a2200313n  4500</leader>
  <controlfield tag="001">11256857</controlfield>
  <controlfield tag="003">DLC</controlfield>
  <controlfield tag="005">20200101073003.0</controlfield>
  <controlfield tag="008">191231n| azannaabn          |a aaa      </controlfield>
  <datafield tag="010" ind1=" " ind2=" ">
    <subfield code="a">no2019191306</subfield>
  </datafield>
  <datafield tag="016" ind1=" " ind2=" ">
    <subfield code="a">1006G0514E</subfield>
  </datafield>
  <datafield tag="035" ind1=" " ind2=" ">
    <subfield code="a">(OCoLC)oca12664017</subfield>
  </datafield>
  <datafield tag="040" ind1=" " ind2=" ">
    <subfield code="a">CaOONL</subfield>
    <subfield code="b">eng</subfield>
    <subfield code="e">rda</subfield>
    <subfield code="c">CaOONL</subfield>
  </datafield>
  <datafield tag="042" ind1=" " ind2=" ">
    <subfield code="a">nlc</subfield>
  </datafield>
  <datafield tag="046" ind1=" " ind2=" ">
    <subfield code="f">1961</subfield>
    <subfield code="2">edtf</subfield>
  </datafield>
  <datafield tag="100" ind1="1" ind2=" ">
    <subfield code="a">Smith, Adrian McNally,</subfield>
    <subfield code="d">1961-</subfield>
  </datafield>
  <datafield tag="370" ind1=" " ind2=" ">
    <subfield code="c">Canada</subfield>
    <subfield code="e">Prince Edward Island</subfield>
    <subfield code="2">naf</subfield>
  </datafield>
  <datafield tag="372" ind1=" " ind2=" ">
    <subfield code="a">Education</subfield>
    <subfield code="a">Educational counseling</subfield>
    <subfield code="a">Students--Services for</subfield>
    <subfield code="2">lcsh</subfield>
  </datafield>
  <datafield tag="374" ind1=" " ind2=" ">
    <subfield code="a">Student counselors</subfield>
    <subfield code="2">lcsh</subfield>
  </datafield>
  <datafield tag="377" ind1=" " ind2=" ">
    <subfield code="a">eng</subfield>
  </datafield>
  <datafield tag="378" ind1=" " ind2=" ">
    <subfield code="q">Adrian Charles McNally</subfield>
  </datafield>
  <datafield tag="400" ind1="1" ind2=" ">
    <subfield code="a">Smith, Adrian C. M.</subfield>
    <subfield code="q">(Adrian Charles McNally),</subfield>
    <subfield code="d">1961-</subfield>
  </datafield>
  <datafield tag="400" ind1="1" ind2=" ">
    <subfield code="a">Smith, Adrian Charles McNally,</subfield>
    <subfield code="d">1961-</subfield>
  </datafield>
  <datafield tag="400" ind1="1" ind2=" ">
    <subfield code="a">McNally Smith, Adrian,</subfield>
    <subfield code="d">1961-</subfield>
  </datafield>
  <datafield tag="400" ind1="1" ind2=" ">
    <subfield code="a">McNally Smith, Adrian Charles,</subfield>
    <subfield code="d">1961-</subfield>
  </datafield>
  <datafield tag="400" ind1="1" ind2=" ">
    <subfield code="a">McNally Smith, Adrian C.</subfield>
    <subfield code="q">(Adrian Charles),</subfield>
    <subfield code="d">1961-</subfield>
  </datafield>
  <datafield tag="400" ind1="1" ind2=" ">
    <subfield code="a">Smith, Adrian,</subfield>
    <subfield code="d">1961-</subfield>
  </datafield>
  <datafield tag="670" ind1=" " ind2=" ">
    <subfield code="a">Finding forgiveness, 2017:</subfield>
    <subfield code="b">title page (Adrian McNally Smith) page 4 of cover (recently retired after thirty years of work in education; twenty-five of them devoted to counseling and student services; lives on Prince Edward Island)</subfield>
  </datafield>
  <datafield tag="670" ind1=" " ind2=" ">
    <subfield code="a">Canadiana, December 31, 2019</subfield>
    <subfield code="b">(heading: Smith, Adrian, 1961-; variants: Smith, Adrian McNally, 1961-; Smith, Adrian C. M. (Adrian Charles McNally), 1961-; Smith, Adrian Charles McNally, 1961-; name changed legally from Adrian Charles Smith to Adrian Charles McNally Smith; Canadian)</subfield>
  </datafield>
</record>