
<record>
  <leader>00364nz  a2200133n  4500</leader>
  <controlfield tag="001">11256858</controlfield>
  <controlfield tag="003">DLC</controlfield>
  <controlfield tag="005">20200101073003.0</controlfield>
  <controlfield tag="008">191231n| azannaabn          |n aaa     c</controlfield>
  <datafield tag="010" ind1=" " ind2=" ">
    <subfield code="a">no2019191307</subfield>
  </datafield>
  <datafield tag="035" ind1=" " ind2=" ">
    <subfield code="a">(OCoLC)oca12664018</subfield>
  </datafield>
  <datafield tag="040" ind1=" " ind2=" ">
    <subfield code="a">ICU</subfield>
    <subfield code="b">eng</subfield>
    <subfield code="e">rda</subfield>
    <subfield code="c">ICU</subfield>
  </datafield>
  <datafield tag="100" ind1="1" ind2=" ">
    <subfield code="a">Reinhardt, Helen</subfield>
  </datafield>
  <datafield tag="670" ind1=" " ind2=" ">
    <subfield code="a">Reinhardt, Helen. Glas aus Beirut, 2019:</subfield>
    <subfield code="b">title page (Helen Reinhardt)</subfield>
  </datafield>
</record>