
<record>
  <leader>01080nz  a2200181n  4500</leader>
  <controlfield tag="001">11256861</controlfield>
  <controlfield tag="003">DLC</controlfield>
  <controlfield tag="005">20200101073003.0</controlfield>
  <controlfield tag="008">191230n| azannaabn          |a ana     c</controlfield>
  <datafield tag="010" ind1=" " ind2=" ">
    <subfield code="a">no2019191320</subfield>
  </datafield>
  <datafield tag="035" ind1=" " ind2=" ">
    <subfield code="a">(OCoLC)oca12664121</subfield>
  </datafield>
  <datafield tag="040" ind1=" " ind2=" ">
    <subfield code="a">NNFr</subfield>
    <subfield code="b">eng</subfield>
    <subfield code="e">rda</subfield>
    <subfield code="c">NNFr</subfield>
  </datafield>
  <datafield tag="046" ind1=" " ind2=" ">
    <subfield code="k">2017</subfield>
    <subfield code="2">edtf</subfield>
  </datafield>
  <datafield tag="110" ind1="2" ind2=" ">
    <subfield code="a">Vserossiĭskiĭ muzeĭ dekorativno-prikladnogo i narodnogo iskusstva.</subfield>
    <subfield code="t">Mori︠a︡k, khudozhnik, chelovek.</subfield>
    <subfield code="l">English</subfield>
  </datafield>
  <datafield tag="377" ind1=" " ind2=" ">
    <subfield code="a">eng</subfield>
  </datafield>
  <datafield tag="410" ind1="2" ind2=" ">
    <subfield code="a">Vserossiĭskiĭ muzeĭ dekorativno-prikladnogo i narodnogo iskusstva.</subfield>
    <subfield code="t">Sailor, artist, personality</subfield>
  </datafield>
  <datafield tag="410" ind1="2" ind2=" ">
    <subfield code="a">Vserossiĭskiĭ muzeĭ dekorativno-prikladnogo i narodnogo iskusstva.</subfield>
    <subfield code="t">Vladimir Golitsyn, 1902-1943, All-Russian Decorative Art Museum&apos;s collection, artist&apos;s family collection</subfield>
  </datafield>
  <datafield tag="670" ind1=" " ind2=" ">
    <subfield code="a">Vserossiĭskiĭ muzeĭ dekorativno-prikladnogo i narodnogo iskusstva. Mori︠a︡k, khudozhnik, chelovek, 2017:</subfield>
    <subfield code="b">title page (parallel title: Sailor, artist, personality; parallel title, other title information : Vladimir Golitsyn (1902-1943) : All-Russian Decorative Art Museum&apos;s collection, artist&apos;s family collection)</subfield>
  </datafield>
</record>