
<record>
  <leader>00800nz  a2200169n  4500</leader>
  <controlfield tag="001">11256862</controlfield>
  <controlfield tag="003">DLC</controlfield>
  <controlfield tag="005">20200101073003.0</controlfield>
  <controlfield tag="008">191231n| azannaabn          |n aaa     c</controlfield>
  <datafield tag="010" ind1=" " ind2=" ">
    <subfield code="a">no2019191326</subfield>
  </datafield>
  <datafield tag="035" ind1=" " ind2=" ">
    <subfield code="a">(OCoLC)oca12664127</subfield>
  </datafield>
  <datafield tag="040" ind1=" " ind2=" ">
    <subfield code="a">MdRoLAC</subfield>
    <subfield code="b">eng</subfield>
    <subfield code="e">rda</subfield>
    <subfield code="c">MdRoLAC</subfield>
  </datafield>
  <datafield tag="100" ind1="1" ind2=" ">
    <subfield code="a">Lynn, Kari</subfield>
  </datafield>
  <datafield tag="372" ind1=" " ind2=" ">
    <subfield code="a">Agriculture</subfield>
    <subfield code="2">lcsh</subfield>
  </datafield>
  <datafield tag="373" ind1=" " ind2=" ">
    <subfield code="a">Corteva Agriscience</subfield>
  </datafield>
  <datafield tag="375" ind1=" " ind2=" ">
    <subfield code="a">Females</subfield>
    <subfield code="2">lcdgt</subfield>
  </datafield>
  <datafield tag="670" ind1=" " ind2=" ">
    <subfield code="a">Innovations for safe and sustainable crop protection products, 2019:</subfield>
    <subfield code="b">eCIP title page (Kari Lynn, editor ; Mingming Ma, editor ; Qiang Yang, editor ; Qi Yao, editor) page 70 galley (Kari Lynn is currently working at Corteva Agriscience in Indianapolis, Indiana, where she conducts and designs environmental fate studies to support discovery programs. She has been working in the Ag industry for 7 years)</subfield>
  </datafield>
</record>