
<record>
  <leader>02575nz  a2200277n  4500</leader>
  <controlfield tag="001">11256863</controlfield>
  <controlfield tag="003">DLC</controlfield>
  <controlfield tag="005">20200101073003.0</controlfield>
  <controlfield tag="008">191231n| azannaabn          |a aaa     c</controlfield>
  <datafield tag="010" ind1=" " ind2=" ">
    <subfield code="a">no2019191327</subfield>
  </datafield>
  <datafield tag="035" ind1=" " ind2=" ">
    <subfield code="a">(OCoLC)oca12664128</subfield>
  </datafield>
  <datafield tag="040" ind1=" " ind2=" ">
    <subfield code="a">ABAU</subfield>
    <subfield code="b">eng</subfield>
    <subfield code="e">rda</subfield>
    <subfield code="c">ABAU</subfield>
  </datafield>
  <datafield tag="046" ind1=" " ind2=" ">
    <subfield code="f">1958</subfield>
    <subfield code="2">edtf</subfield>
  </datafield>
  <datafield tag="100" ind1="1" ind2=" ">
    <subfield code="a">Vera Cañizares, Santiago,</subfield>
    <subfield code="d">1958-</subfield>
  </datafield>
  <datafield tag="370" ind1=" " ind2=" ">
    <subfield code="f">Brazil</subfield>
    <subfield code="f">Granada (Spain)</subfield>
    <subfield code="2">naf</subfield>
  </datafield>
  <datafield tag="372" ind1=" " ind2=" ">
    <subfield code="a">Art--Study and teaching (Higher)</subfield>
    <subfield code="a">Art--Philosophy</subfield>
    <subfield code="2">lcsh</subfield>
  </datafield>
  <datafield tag="373" ind1=" " ind2=" ">
    <subfield code="a">Universidad de Granada. Departamento de Pintura</subfield>
    <subfield code="2">naf</subfield>
  </datafield>
  <datafield tag="374" ind1=" " ind2=" ">
    <subfield code="a">Artists</subfield>
    <subfield code="a">Art teachers</subfield>
    <subfield code="a">College teachers</subfield>
    <subfield code="a">College department heads</subfield>
    <subfield code="2">lcsh</subfield>
  </datafield>
  <datafield tag="375" ind1=" " ind2=" ">
    <subfield code="a">Males</subfield>
    <subfield code="2">lcdgt</subfield>
  </datafield>
  <datafield tag="400" ind1="1" ind2=" ">
    <subfield code="a">Cañizares, Santiago Vera,</subfield>
    <subfield code="d">1958-</subfield>
  </datafield>
  <datafield tag="400" ind1="1" ind2=" ">
    <subfield code="a">Vera, Santiago,</subfield>
    <subfield code="d">1958-</subfield>
  </datafield>
  <datafield tag="670" ind1=" " ind2=" ">
    <subfield code="a">His Los toros, 2012:</subfield>
    <subfield code="b">title page (Santiago Vera)</subfield>
  </datafield>
  <datafield tag="670" ind1=" " ind2=" ">
    <subfield code="a">His Natureza e identidade no projeto artístico, 2014:</subfield>
    <subfield code="b">half-title page verso (Dados Internacionais de Catalogação-na-publicação (CIP), Biblioteca Central da Universidade Federal do Espírito Santo, ES, Brasil. Cañizares, Santiago Vera, 1958-   Natureza e identidade no projeto artístico / Santiago Vera Cañizares. - Vitória : EDUFES, 2014. 144 p. ; 21 cm. ISBN: 978-85-7772-238-9 1. Arte - Metodologia. 2. Artes plásticas. 3. Arte moderna. 4. Arte - História. 5. Arte - Projetos. I. Título) title page (Santiago Vera Cañizares)</subfield>
    <subfield code="u">http://repositorio.ufes.br/bitstream/10/1901/1/Livro%20digital_Natureza%20Identidade%20do%20Projeto%20Art%C3%ADstico.pdf</subfield>
  </datafield>
  <datafield tag="670" ind1=" " ind2=" ">
    <subfield code="a">Recortes y galleos - Exposición de pintura taurina de Santiago Vera en la Universidad Wenzao, via WWW, Dec. 31, 2019</subfield>
    <subfield code="b">(domingo, 6 de mayo de 2012.  por José Ramos, Profesor de Literatura Española e Hispanoamericana, Universidad Tamkang, Taipei, Taiwán.  Desde el día 21 del mes de mayo hasta el 15 de junio la Universidad Wenzao (Kaohsiung) acogerá la exposición del artista español Santiago Vera titulada &quot;Los Toros&quot;. Santiago Vera es actualmente director del Departamento de Pintura de la Universidad de Granada, y desde 1980 ha protagonizado más de una treintena de exposiciones en España y Brasil, país en el que residió varios años)</subfield>
    <subfield code="u">http://recortesygalleos.blogspot.com/2012/05/exposicion-de-pintura-taurina-de.html</subfield>
  </datafield>
  <datafield tag="670" ind1=" " ind2=" ">
    <subfield code="a">Universidad de Granada, Departamento de Pintura WWW home page, Dec. 31, 2019</subfield>
    <subfield code="b">(Personal asociado ... Santiago Vera Cañizares)</subfield>
    <subfield code="u">https://www.ugr.es/en/universidad/organizacion/entidades/departamento-de-pintura</subfield>
  </datafield>
  <datafield tag="670" ind1=" " ind2=" ">
    <subfield code="a">OCLC, Dec. 31, 2019</subfield>
    <subfield code="b">access points (Vera Cañizares, Santiago, 1958- ; Vera Cañizares, Santiago) usage (Santiago Vera)</subfield>
  </datafield>
</record>