
<record>
  <leader>00795nz  a2200181n  4500</leader>
  <controlfield tag="001">11256865</controlfield>
  <controlfield tag="003">DLC</controlfield>
  <controlfield tag="005">20200101073003.0</controlfield>
  <controlfield tag="008">191231n| azannaabn          |a ana     c</controlfield>
  <datafield tag="010" ind1=" " ind2=" ">
    <subfield code="a">no2019191348</subfield>
  </datafield>
  <datafield tag="035" ind1=" " ind2=" ">
    <subfield code="a">(OCoLC)oca12664149</subfield>
  </datafield>
  <datafield tag="040" ind1=" " ind2=" ">
    <subfield code="a">DGPO</subfield>
    <subfield code="b">eng</subfield>
    <subfield code="e">rda</subfield>
    <subfield code="c">DGPO</subfield>
  </datafield>
  <datafield tag="046" ind1=" " ind2=" ">
    <subfield code="k">2019-11-27</subfield>
    <subfield code="2">edtf</subfield>
  </datafield>
  <datafield tag="110" ind1="1" ind2=" ">
    <subfield code="a">United States.</subfield>
    <subfield code="t">Hong Kong Human Rights and Democracy Act of 2019</subfield>
  </datafield>
  <datafield tag="380" ind1=" " ind2=" ">
    <subfield code="a">Statutes and codes</subfield>
    <subfield code="2">lcgft</subfield>
  </datafield>
  <datafield tag="410" ind1="1" ind2=" ">
    <subfield code="a">United States.</subfield>
    <subfield code="t">Act to Amend the Hong Kong Policy Act of 1992, and for Other Purposes</subfield>
  </datafield>
  <datafield tag="410" ind1="1" ind2=" ">
    <subfield code="a">United States.</subfield>
    <subfield code="t">Public Law 116-76</subfield>
  </datafield>
  <datafield tag="670" ind1=" " ind2=" ">
    <subfield code="a">An Act to Amend the Hong Kong Policy Act of 1992, and for Other Purposes, 2019, Public Law 116-76:</subfield>
    <subfield code="b">citation title, 133 Stat.1161 (Hong Kong Human Rights and Democracy Act of 2019) 133 Stat. 1172 (Approved November 27, 2019)</subfield>
  </datafield>
</record>