
<record>
  <leader>01287nz  a2200265n  4500</leader>
  <controlfield tag="001">11256866</controlfield>
  <controlfield tag="003">DLC</controlfield>
  <controlfield tag="005">20200101073004.0</controlfield>
  <controlfield tag="008">191231n| azannaabn          |a aaa     c</controlfield>
  <datafield tag="010" ind1=" " ind2=" ">
    <subfield code="a">no2019191349</subfield>
  </datafield>
  <datafield tag="035" ind1=" " ind2=" ">
    <subfield code="a">(OCoLC)oca12664150</subfield>
  </datafield>
  <datafield tag="040" ind1=" " ind2=" ">
    <subfield code="a">Sd</subfield>
    <subfield code="b">eng</subfield>
    <subfield code="e">rda</subfield>
    <subfield code="c">Sd</subfield>
  </datafield>
  <datafield tag="046" ind1=" " ind2=" ">
    <subfield code="f">1895-08-18</subfield>
    <subfield code="g">1976-04</subfield>
    <subfield code="2">edtf</subfield>
  </datafield>
  <datafield tag="100" ind1="1" ind2=" ">
    <subfield code="a">Albrook, P. J.</subfield>
    <subfield code="q">(Percy Jerome),</subfield>
    <subfield code="d">1895-1976</subfield>
  </datafield>
  <datafield tag="370" ind1=" " ind2=" ">
    <subfield code="a">Sioux Falls (S.D.)</subfield>
    <subfield code="e">Watertown (S.D.)</subfield>
    <subfield code="e">Westport (Conn.)</subfield>
    <subfield code="2">naf</subfield>
  </datafield>
  <datafield tag="371" ind1=" " ind2=" ">
    <subfield code="a">612 2nd Street NW</subfield>
    <subfield code="b">Watertown</subfield>
    <subfield code="c">South Dakota</subfield>
    <subfield code="d">United States</subfield>
  </datafield>
  <datafield tag="374" ind1=" " ind2=" ">
    <subfield code="a">Newspaper editors</subfield>
    <subfield code="2">lcsh</subfield>
  </datafield>
  <datafield tag="375" ind1=" " ind2=" ">
    <subfield code="a">Males</subfield>
    <subfield code="2">lcdgt</subfield>
  </datafield>
  <datafield tag="377" ind1=" " ind2=" ">
    <subfield code="a">eng</subfield>
  </datafield>
  <datafield tag="378" ind1=" " ind2=" ">
    <subfield code="q">Percy Jerome</subfield>
  </datafield>
  <datafield tag="400" ind1="1" ind2=" ">
    <subfield code="a">Albrook, Percy Jerome,</subfield>
    <subfield code="d">1895-1976</subfield>
  </datafield>
  <datafield tag="670" ind1=" " ind2=" ">
    <subfield code="a">Albrook, P. J. Electricity, water, gas, steam heat in Watertown, South Dakota, 1975:</subfield>
    <subfield code="b">title page (by P.J. Albrook)</subfield>
  </datafield>
  <datafield tag="670" ind1=" " ind2=" ">
    <subfield code="a">U.S. World War II draft registration cards, 1942</subfield>
    <subfield code="b">(Percy Jerome Albrook; 612 2nd Street NW, Watertown, S.D.; born October 14, 1895, in Sioux Falls, S.D.; employer: Watertown Public Opinion)</subfield>
  </datafield>
  <datafield tag="670" ind1=" " ind2=" ">
    <subfield code="a">U.S. Social security death index, 1935-2014</subfield>
    <subfield code="b">(Percy Albrook, Percy Jerome Albrook, born October 14, 1895; died April 1976; last residence: Westport, Connecticut)</subfield>
  </datafield>
  <datafield tag="670" ind1=" " ind2=" ">
    <subfield code="a">Forest lands of the United States... p. 1581</subfield>
    <subfield code="b">(P.J. Albrook, editor, Watertown Public Opinion)</subfield>
  </datafield>
</record>