
<record>
  <leader>00887nz  a2200181n  4500</leader>
  <controlfield tag="001">11256868</controlfield>
  <controlfield tag="003">DLC</controlfield>
  <controlfield tag="005">20200101073004.0</controlfield>
  <controlfield tag="008">191230n| azannaabn          |n aaa     c</controlfield>
  <datafield tag="010" ind1=" " ind2=" ">
    <subfield code="a">no2019191359</subfield>
  </datafield>
  <datafield tag="035" ind1=" " ind2=" ">
    <subfield code="a">(OCoLC)oca12664160</subfield>
  </datafield>
  <datafield tag="040" ind1=" " ind2=" ">
    <subfield code="a">WaBeW</subfield>
    <subfield code="b">eng</subfield>
    <subfield code="e">rda</subfield>
    <subfield code="c">WaBeW</subfield>
  </datafield>
  <datafield tag="100" ind1="1" ind2=" ">
    <subfield code="a">Henkel, Heather S.</subfield>
  </datafield>
  <datafield tag="370" ind1=" " ind2=" ">
    <subfield code="f">Saint Petersburg (Fla.)</subfield>
    <subfield code="2">naf</subfield>
  </datafield>
  <datafield tag="372" ind1=" " ind2=" ">
    <subfield code="a">Information technology</subfield>
    <subfield code="2">lcsh</subfield>
  </datafield>
  <datafield tag="373" ind1=" " ind2=" ">
    <subfield code="a">St. Petersburg Coastal and Marine Science Center</subfield>
    <subfield code="2">naf</subfield>
  </datafield>
  <datafield tag="670" ind1=" " ind2=" ">
    <subfield code="a">The United States Geological Survey science data lifecycle model, 2013:</subfield>
    <subfield code="b">title page (Heather S. Henkel)</subfield>
  </datafield>
  <datafield tag="670" ind1=" " ind2=" ">
    <subfield code="a">USGS.gov, December 30, 2019:</subfield>
    <subfield code="b">Heather Henkel (information technology specialist at the St. Petersburg Coastal and Marine Science Center; professionally based in St. Petersburg, Florida)</subfield>
    <subfield code="u">https://www.usgs.gov/staff-profiles/heather-henkel?qt-staff_profile_science_products=3#qt-staff_profile_science_products</subfield>
  </datafield>
</record>