
<record>
  <leader>01161nz  a2200241n  4500</leader>
  <controlfield tag="001">11256870</controlfield>
  <controlfield tag="003">DLC</controlfield>
  <controlfield tag="005">20200101073004.0</controlfield>
  <controlfield tag="008">191230n| azannaabn          |b aaa     c</controlfield>
  <datafield tag="010" ind1=" " ind2=" ">
    <subfield code="a">no2019191367</subfield>
  </datafield>
  <datafield tag="035" ind1=" " ind2=" ">
    <subfield code="a">(OCoLC)oca12664168</subfield>
  </datafield>
  <datafield tag="040" ind1=" " ind2=" ">
    <subfield code="a">NNFr</subfield>
    <subfield code="b">eng</subfield>
    <subfield code="e">rda</subfield>
    <subfield code="c">NNFr</subfield>
  </datafield>
  <datafield tag="046" ind1=" " ind2=" ">
    <subfield code="s">20XX</subfield>
    <subfield code="2">edtf</subfield>
  </datafield>
  <datafield tag="100" ind1="1" ind2=" ">
    <subfield code="a">Rykova, T. O.</subfield>
    <subfield code="q">(Tatʹi︠a︡na O.)</subfield>
  </datafield>
  <datafield tag="370" ind1=" " ind2=" ">
    <subfield code="c">Russia (Federation)</subfield>
    <subfield code="f">Moscow (Russia)</subfield>
    <subfield code="2">naf</subfield>
  </datafield>
  <datafield tag="372" ind1=" " ind2=" ">
    <subfield code="a">Art museums--Curatorship</subfield>
    <subfield code="a">Wood sculpture</subfield>
    <subfield code="a">Wood-carving</subfield>
    <subfield code="2">lcsh</subfield>
  </datafield>
  <datafield tag="373" ind1=" " ind2=" ">
    <subfield code="a">Vserossiĭskiĭ muzeĭ dekorativno-prikladnogo i narodnogo iskusstva</subfield>
    <subfield code="2">naf</subfield>
  </datafield>
  <datafield tag="374" ind1=" " ind2=" ">
    <subfield code="a">Museum curators</subfield>
    <subfield code="2">lcdgt</subfield>
  </datafield>
  <datafield tag="377" ind1=" " ind2=" ">
    <subfield code="a">rus</subfield>
  </datafield>
  <datafield tag="378" ind1=" " ind2=" ">
    <subfield code="q">Tatʹi︠a︡na O.</subfield>
  </datafield>
  <datafield tag="400" ind1="1" ind2=" ">
    <subfield code="a">Рыкова, Т. О.</subfield>
    <subfield code="q">(Татьяна О.)</subfield>
  </datafield>
  <datafield tag="667" ind1=" " ind2=" ">
    <subfield code="a">Non-Latin script reference not evaluated.</subfield>
  </datafield>
  <datafield tag="670" ind1=" " ind2=" ">
    <subfield code="a">Vserossiĭskiĭ muzeĭ dekorativno-prikladnogo i narodnogo iskusstva. Mori︠a︡k, khudozhnik, chelovek, 2017:</subfield>
    <subfield code="b">page 7 (Татьяна Рыкова = Tatʹi︠a︡na Rykova; Tatyana Rykova [in Latin script]; keeper of museum objects, Wood Department [Vserossiĭskiĭ muzeĭ dekorativno-prikladnogo i narodnogo iskusstva]) colophon (author/compiler T. O. Rykova; T. Rykova)</subfield>
  </datafield>
</record>