
<record>
  <leader>00748nz  a2200193n  4500</leader>
  <controlfield tag="001">11256872</controlfield>
  <controlfield tag="003">DLC</controlfield>
  <controlfield tag="005">20200101073004.0</controlfield>
  <controlfield tag="008">191231n| azannaabn          |b aaa     c</controlfield>
  <datafield tag="010" ind1=" " ind2=" ">
    <subfield code="a">no2019191369</subfield>
  </datafield>
  <datafield tag="035" ind1=" " ind2=" ">
    <subfield code="a">(OCoLC)oca12664170</subfield>
  </datafield>
  <datafield tag="040" ind1=" " ind2=" ">
    <subfield code="a">NN</subfield>
    <subfield code="b">eng</subfield>
    <subfield code="e">rda</subfield>
    <subfield code="c">NN</subfield>
  </datafield>
  <datafield tag="046" ind1=" " ind2=" ">
    <subfield code="f">1983-12-26</subfield>
    <subfield code="2">edtf</subfield>
  </datafield>
  <datafield tag="100" ind1="1" ind2=" ">
    <subfield code="a">Wolke, Rachel,</subfield>
    <subfield code="d">1983-</subfield>
  </datafield>
  <datafield tag="370" ind1=" " ind2=" ">
    <subfield code="a">Marburg (Germany)</subfield>
    <subfield code="2">naf</subfield>
  </datafield>
  <datafield tag="375" ind1=" " ind2=" ">
    <subfield code="a">Females</subfield>
    <subfield code="2">lcdgt</subfield>
  </datafield>
  <datafield tag="400" ind1="1" ind2=" ">
    <subfield code="a">Zehden, Anna Rachel,</subfield>
    <subfield code="d">1983-</subfield>
  </datafield>
  <datafield tag="670" ind1=" " ind2=" ">
    <subfield code="a">Willi Wolke und der kleine Schneemann, 2019:</subfield>
    <subfield code="b">front cover (Rachel Wolke).</subfield>
  </datafield>
  <datafield tag="670" ind1=" " ind2=" ">
    <subfield code="a">Author&apos;s website, viewed December 31, 2019:</subfield>
    <subfield code="b">Wolkenteuer blog (Rachel Wolke the pen name of Anna Rachel Zehden (née Wilke), born on December 26, 1983 in Marburg).</subfield>
    <subfield code="u">https://www.wolkenteurer.de/homepage/die-autorin/</subfield>
  </datafield>
</record>