
<record>
  <leader>01280nz  a2200217n  4500</leader>
  <controlfield tag="001">11256873</controlfield>
  <controlfield tag="003">DLC</controlfield>
  <controlfield tag="005">20200101073004.0</controlfield>
  <controlfield tag="008">191231n| azannaabn          |n aaa     c</controlfield>
  <datafield tag="010" ind1=" " ind2=" ">
    <subfield code="a">no2019191370</subfield>
  </datafield>
  <datafield tag="035" ind1=" " ind2=" ">
    <subfield code="a">(OCoLC)oca12664171</subfield>
  </datafield>
  <datafield tag="040" ind1=" " ind2=" ">
    <subfield code="a">ICrlF</subfield>
    <subfield code="b">eng</subfield>
    <subfield code="e">rda</subfield>
    <subfield code="c">ICrlF</subfield>
  </datafield>
  <datafield tag="100" ind1="1" ind2=" ">
    <subfield code="a">Michaels, Louise</subfield>
  </datafield>
  <datafield tag="370" ind1=" " ind2=" ">
    <subfield code="e">Vermont</subfield>
    <subfield code="e">New Jersey</subfield>
    <subfield code="2">naf</subfield>
  </datafield>
  <datafield tag="371" ind1=" " ind2=" ">
    <subfield code="m">louise@louisemichaels.com</subfield>
  </datafield>
  <datafield tag="372" ind1=" " ind2=" ">
    <subfield code="a">Illustration of books</subfield>
    <subfield code="2">lcsh</subfield>
  </datafield>
  <datafield tag="374" ind1=" " ind2=" ">
    <subfield code="a">Illustrators</subfield>
    <subfield code="2">lcdgt</subfield>
  </datafield>
  <datafield tag="375" ind1=" " ind2=" ">
    <subfield code="a">Females</subfield>
    <subfield code="2">lcdgt</subfield>
  </datafield>
  <datafield tag="377" ind1=" " ind2=" ">
    <subfield code="a">eng</subfield>
  </datafield>
  <datafield tag="670" ind1=" " ind2=" ">
    <subfield code="a">Luvinga, Wende. Hamisi Mjusi Mlalamishi, 2017:</subfield>
    <subfield code="b">title page (Illustrations by Louise Michaels)</subfield>
  </datafield>
  <datafield tag="670" ind1=" " ind2=" ">
    <subfield code="a">Illustrator&apos;s website, Dec. 30, 2019 :</subfield>
    <subfield code="b">(Louise Michaels ; &quot;I am currently producing an animated film and will begin another children&apos;s book in 2017 with the same subject matter. I teach workshops in animation, general art making, and story telling. I have lived in Vermont for 12 years ... Prior to moving to Vermont, I was the multimedia director for the New Jersey History Commission ... My day to day work is animating, illustrating and photography. I also teach students and conduct workshops. I just completed a third children&apos;s book for &apos;Connecting Tanzania&apos; about Hamisi, a little lizard learning and growing ...&quot; Email is: louise@louisemichaels.com)</subfield>
  </datafield>
</record>