
<record>
  <leader>01018nz  a2200217n  4500</leader>
  <controlfield tag="001">11256876</controlfield>
  <controlfield tag="003">DLC</controlfield>
  <controlfield tag="005">20200101073004.0</controlfield>
  <controlfield tag="008">191231n| azannaabn          |b aaa     c</controlfield>
  <datafield tag="010" ind1=" " ind2=" ">
    <subfield code="a">no2019191379</subfield>
  </datafield>
  <datafield tag="035" ind1=" " ind2=" ">
    <subfield code="a">(OCoLC)oca12664180</subfield>
  </datafield>
  <datafield tag="040" ind1=" " ind2=" ">
    <subfield code="a">ICrlF</subfield>
    <subfield code="b">eng</subfield>
    <subfield code="e">rda</subfield>
    <subfield code="c">ICrlF</subfield>
  </datafield>
  <datafield tag="046" ind1=" " ind2=" ">
    <subfield code="k">2019</subfield>
    <subfield code="2">edtf</subfield>
  </datafield>
  <datafield tag="100" ind1="1" ind2=" ">
    <subfield code="a">Asagiri, Kafka.</subfield>
    <subfield code="t">Bungō sutorei doggusu gaiden.</subfield>
    <subfield code="l">English</subfield>
  </datafield>
  <datafield tag="377" ind1=" " ind2=" ">
    <subfield code="a">eng</subfield>
  </datafield>
  <datafield tag="381" ind1=" " ind2=" ">
    <subfield code="a">Gifford</subfield>
  </datafield>
  <datafield tag="400" ind1="1" ind2=" ">
    <subfield code="a">Asagiri, Kafka.</subfield>
    <subfield code="t">文豪ストレイドッグス外伝.</subfield>
    <subfield code="l">English</subfield>
  </datafield>
  <datafield tag="400" ind1="1" ind2=" ">
    <subfield code="a">Asagiri, Kafka.</subfield>
    <subfield code="t">Bungo stray dogs, another story</subfield>
  </datafield>
  <datafield tag="667" ind1=" " ind2=" ">
    <subfield code="a">Non-Latin script references not evaluated.</subfield>
  </datafield>
  <datafield tag="670" ind1=" " ind2=" ">
    <subfield code="a">Asagiri, Kafka. Bungo stray dogs, another story. Vol. 1, Yukito Ayatsuji vs. Natsuhiko Kyogouku, 2019 :</subfield>
    <subfield code="b">colophon (translation: Kevin Gifford ; original title: Bungo stray dogs gaiden)</subfield>
  </datafield>
  <datafield tag="670" ind1=" " ind2=" ">
    <subfield code="a">OCLC, viewed Dec. 30, 2019</subfield>
    <subfield code="b">(文豪ストレイドッグス外伝 = Bungo Stray Dogs Another Story : 綾辻行人VS.京極夏彦 = Bungo sutorei doggusu gaiden : Ayatsuji yukito vuiesu kyogoku natsuhiko)</subfield>
  </datafield>
</record>