
<record>
  <leader>00813nz  a2200181n  4500</leader>
  <controlfield tag="001">11256877</controlfield>
  <controlfield tag="003">DLC</controlfield>
  <controlfield tag="005">20200101073004.0</controlfield>
  <controlfield tag="008">191231n| azannaabn          |a ana     c</controlfield>
  <datafield tag="010" ind1=" " ind2=" ">
    <subfield code="a">no2019191380</subfield>
  </datafield>
  <datafield tag="035" ind1=" " ind2=" ">
    <subfield code="a">(OCoLC)oca12664181</subfield>
  </datafield>
  <datafield tag="040" ind1=" " ind2=" ">
    <subfield code="a">ICU</subfield>
    <subfield code="b">eng</subfield>
    <subfield code="e">rda</subfield>
    <subfield code="c">ICU</subfield>
  </datafield>
  <datafield tag="046" ind1=" " ind2=" ">
    <subfield code="s">1943-09-04</subfield>
    <subfield code="t">1943-09-05</subfield>
    <subfield code="2">edtf</subfield>
  </datafield>
  <datafield tag="110" ind1="2" ind2=" ">
    <subfield code="a">Czech American National Alliance.</subfield>
    <subfield code="b">Convention.</subfield>
    <subfield code="n">(3rd :</subfield>
    <subfield code="d">1943 :</subfield>
    <subfield code="c">Chicago, Ill.)</subfield>
  </datafield>
  <datafield tag="370" ind1=" " ind2=" ">
    <subfield code="e">Chicago (Ill.)</subfield>
    <subfield code="2">naf</subfield>
  </datafield>
  <datafield tag="410" ind1="2" ind2=" ">
    <subfield code="a">Third C.A.N.A. Convention</subfield>
  </datafield>
  <datafield tag="410" ind1="2" ind2=" ">
    <subfield code="a">Third CANA Convention</subfield>
  </datafield>
  <datafield tag="670" ind1=" " ind2=" ">
    <subfield code="a">Třetí sjezd Českého národního sdružení v Americe, 1943:</subfield>
    <subfield code="b">title page (Třetí sjezd Českého národního sdružení v Americe konaný ... ve dnech 4. a 5. září 1943 ve dvoraně Sokola Havlíček Tyrš, Chicago, Ill.) title page verso (Third C.A.N.A. Convention)</subfield>
  </datafield>
</record>