
<record>
  <leader>01141nz  a2200205n  4500</leader>
  <controlfield tag="001">11256879</controlfield>
  <controlfield tag="003">DLC</controlfield>
  <controlfield tag="005">20200101073004.0</controlfield>
  <controlfield tag="008">191231n| azannaabn          |n aaa     c</controlfield>
  <datafield tag="010" ind1=" " ind2=" ">
    <subfield code="a">no2019191385</subfield>
  </datafield>
  <datafield tag="035" ind1=" " ind2=" ">
    <subfield code="a">(OCoLC)oca12664186</subfield>
  </datafield>
  <datafield tag="040" ind1=" " ind2=" ">
    <subfield code="a">MiBsA</subfield>
    <subfield code="b">eng</subfield>
    <subfield code="c">MiBsA</subfield>
    <subfield code="e">rda</subfield>
  </datafield>
  <datafield tag="100" ind1="1" ind2=" ">
    <subfield code="a">Baldwin, Andrea Marie</subfield>
  </datafield>
  <datafield tag="373" ind1=" " ind2=" ">
    <subfield code="a">Indiana University, South Bend</subfield>
  </datafield>
  <datafield tag="374" ind1=" " ind2=" ">
    <subfield code="a">Teacher</subfield>
  </datafield>
  <datafield tag="375" ind1=" " ind2=" ">
    <subfield code="a">female</subfield>
  </datafield>
  <datafield tag="377" ind1=" " ind2=" ">
    <subfield code="a">eng</subfield>
  </datafield>
  <datafield tag="670" ind1=" " ind2=" ">
    <subfield code="a">The curriculum, instruction, and assessment of dispositions in preservice teacher education, c2007:</subfield>
    <subfield code="b">t.p. (Andrea Marie Baldwin, Ph.D. from Andrews University, Mich.) leaf [220] (Andrea M. Baldwin; B.S., University of West Indies, Jamaica, 1989; M.B.A., Montemorelos University, Mexico, 1994; teacher, Indiana University, South Bend)</subfield>
  </datafield>
  <datafield tag="670" ind1=" " ind2=" ">
    <subfield code="a">Andrews University website, Dec. 31, 2019</subfield>
    <subfield code="b">(Andrea Marie Baldwin; gender: female)</subfield>
  </datafield>
  <datafield tag="678" ind1="0" ind2=" ">
    <subfield code="a">Andrea Marie Baldwin graduated with B.S. from the University of West Indies, Jamaica in 1989.  She finished her M.B.A. from Montemorelos University, Mexcio in 1994.  She completed her Ph.D. from Andrews University, Mich. in 2007.  She taught at Indiana University, South Bend.</subfield>
  </datafield>
</record>