
<record>
  <leader>00591nz  a2200157n  4500</leader>
  <controlfield tag="001">11256881</controlfield>
  <controlfield tag="003">DLC</controlfield>
  <controlfield tag="005">20200101073004.0</controlfield>
  <controlfield tag="008">191231n| azannaabn          |n ana     c</controlfield>
  <datafield tag="010" ind1=" " ind2=" ">
    <subfield code="a">no2019191387</subfield>
  </datafield>
  <datafield tag="035" ind1=" " ind2=" ">
    <subfield code="a">(OCoLC)oca12664188</subfield>
  </datafield>
  <datafield tag="040" ind1=" " ind2=" ">
    <subfield code="a">Vi</subfield>
    <subfield code="b">eng</subfield>
    <subfield code="e">rda</subfield>
    <subfield code="c">Vi</subfield>
  </datafield>
  <datafield tag="110" ind1="2" ind2=" ">
    <subfield code="a">Williamsburg Community Chapel (Williamsburg, Va.)</subfield>
  </datafield>
  <datafield tag="370" ind1=" " ind2=" ">
    <subfield code="c">United States</subfield>
    <subfield code="e">Williamsburg (Va.)</subfield>
    <subfield code="2">naf</subfield>
  </datafield>
  <datafield tag="371" ind1=" " ind2=" ">
    <subfield code="a">3899 John Tyler Highway</subfield>
    <subfield code="b">Williamsburg</subfield>
    <subfield code="c">VA</subfield>
    <subfield code="d">United States</subfield>
    <subfield code="e">23185</subfield>
  </datafield>
  <datafield tag="670" ind1=" " ind2=" ">
    <subfield code="a">Savory samplings of the harvest, 2001:</subfield>
    <subfield code="b">title page (Williamsburg Community Chapel, 3899 John Tyler Highway, Williamsburg, VA 23185)</subfield>
  </datafield>
</record>