
<record>
  <leader>00975nz  a2200241n  4500</leader>
  <controlfield tag="001">11256883</controlfield>
  <controlfield tag="003">DLC</controlfield>
  <controlfield tag="005">20200101073004.0</controlfield>
  <controlfield tag="008">191231n| azaabaaan          |a ana     c</controlfield>
  <datafield tag="010" ind1=" " ind2=" ">
    <subfield code="a">no2019191395</subfield>
  </datafield>
  <datafield tag="035" ind1=" " ind2=" ">
    <subfield code="a">(OCoLC)oca12664196</subfield>
  </datafield>
  <datafield tag="040" ind1=" " ind2=" ">
    <subfield code="a">MnU</subfield>
    <subfield code="b">eng</subfield>
    <subfield code="e">rda</subfield>
    <subfield code="c">MnU</subfield>
  </datafield>
  <datafield tag="046" ind1=" " ind2=" ">
    <subfield code="k">1987</subfield>
    <subfield code="l">1988</subfield>
    <subfield code="2">edtf</subfield>
  </datafield>
  <datafield tag="130" ind1=" " ind2="0">
    <subfield code="a">Enchanted Forest series</subfield>
  </datafield>
  <datafield tag="370" ind1=" " ind2=" ">
    <subfield code="g">Salt Lake City (Utah)</subfield>
    <subfield code="2">naf</subfield>
  </datafield>
  <datafield tag="380" ind1=" " ind2=" ">
    <subfield code="a">Series (Publications)</subfield>
    <subfield code="a">Monographic series</subfield>
    <subfield code="a">Paper dolls</subfield>
    <subfield code="2">lcsh</subfield>
  </datafield>
  <datafield tag="510" ind1="2" ind2=" ">
    <subfield code="a">Peck-Gandré</subfield>
  </datafield>
  <datafield tag="643" ind1=" " ind2=" ">
    <subfield code="a">Salt Lake City, Utah</subfield>
    <subfield code="b">Peck-Gandré</subfield>
  </datafield>
  <datafield tag="644" ind1=" " ind2=" ">
    <subfield code="a">f</subfield>
    <subfield code="5">MnU</subfield>
  </datafield>
  <datafield tag="645" ind1=" " ind2=" ">
    <subfield code="a">t</subfield>
    <subfield code="5">DPCC</subfield>
    <subfield code="5">MnU</subfield>
  </datafield>
  <datafield tag="646" ind1=" " ind2=" ">
    <subfield code="a">s</subfield>
    <subfield code="5">MnU</subfield>
  </datafield>
  <datafield tag="670" ind1=" " ind2=" ">
    <subfield code="a">Peck-Gandré. Peck-Gandré presents Little Red Riding Hood, c1988:</subfield>
    <subfield code="b">container (A paper doll from Enchanted Forest series and story as retold by Peck-Gandré) advertising sheet (shows 8 paper doll sets in the Enchanted Forest Series)</subfield>
  </datafield>
  <datafield tag="670" ind1=" " ind2=" ">
    <subfield code="a">OCLC, December 31, 2019</subfield>
    <subfield code="b">(series: Enchanted Forest series; publisher: Peck-Gandré; copyright dates: 1987-1988)</subfield>
  </datafield>
</record>