
<record>
  <leader>01603nz  a2200253n  4500</leader>
  <controlfield tag="001">11256886</controlfield>
  <controlfield tag="003">DLC</controlfield>
  <controlfield tag="005">20200101073005.0</controlfield>
  <controlfield tag="008">191231n| azannaabn          |n aaa     c</controlfield>
  <datafield tag="010" ind1=" " ind2=" ">
    <subfield code="a">no2019191398</subfield>
  </datafield>
  <datafield tag="035" ind1=" " ind2=" ">
    <subfield code="a">(OCoLC)oca12664199</subfield>
  </datafield>
  <datafield tag="040" ind1=" " ind2=" ">
    <subfield code="a">UOr</subfield>
    <subfield code="b">eng</subfield>
    <subfield code="e">rda</subfield>
    <subfield code="c">UOr</subfield>
  </datafield>
  <datafield tag="046" ind1=" " ind2=" ">
    <subfield code="f">1970-03-01</subfield>
    <subfield code="2">edtf</subfield>
  </datafield>
  <datafield tag="100" ind1="1" ind2=" ">
    <subfield code="a">Armer, Tony,</subfield>
    <subfield code="d">1970-</subfield>
  </datafield>
  <datafield tag="370" ind1=" " ind2=" ">
    <subfield code="a">Toledo (Ohio)</subfield>
    <subfield code="e">Clearwater (Fla.)</subfield>
    <subfield code="2">naf</subfield>
  </datafield>
  <datafield tag="372" ind1=" " ind2=" ">
    <subfield code="a">Motion pictures</subfield>
    <subfield code="a">Film festivals</subfield>
    <subfield code="a">College teaching</subfield>
    <subfield code="a">Film commissions</subfield>
    <subfield code="2">lcsh</subfield>
  </datafield>
  <datafield tag="373" ind1=" " ind2=" ">
    <subfield code="a">Eckerd College</subfield>
    <subfield code="a">Academy of Art University</subfield>
    <subfield code="a">University of Tampa</subfield>
    <subfield code="2">lcsh</subfield>
  </datafield>
  <datafield tag="374" ind1=" " ind2=" ">
    <subfield code="a">Motion picture producers and directors</subfield>
    <subfield code="a">Motion picture editors</subfield>
    <subfield code="a">Actors</subfield>
    <subfield code="a">Screenwriters</subfield>
    <subfield code="a">College teachers</subfield>
    <subfield code="2">lcsh</subfield>
  </datafield>
  <datafield tag="375" ind1=" " ind2=" ">
    <subfield code="a">Males</subfield>
    <subfield code="2">lcdgt</subfield>
  </datafield>
  <datafield tag="377" ind1=" " ind2=" ">
    <subfield code="a">eng</subfield>
  </datafield>
  <datafield tag="378" ind1=" " ind2=" ">
    <subfield code="q">Tony Alan</subfield>
  </datafield>
  <datafield tag="670" ind1=" " ind2=" ">
    <subfield code="a">Bernie the dolphin 2, 2019:</subfield>
    <subfield code="b">title frame (producer, Tony Armer)</subfield>
  </datafield>
  <datafield tag="670" ind1=" " ind2=" ">
    <subfield code="a">IMDb, December 30, 2019</subfield>
    <subfield code="b">(Tony Armer, film producer, film director, editor, actor, screenwriter; born March 1, 1970, in Toledo, Ohio; studied communications at the Uinversity of Toledo; graduated with a BA in business management from Eckerd College and an MFA in motion pictures and television from the Academy of Art University in San Francisco; active in film since early 2000s; is film commissioner for St. Petersburg Clearwater, Florida, and founder and executive director of the Sunscreen Film Festival, and teaches as an adjunct professor at the Art Institute of Tampa and the University of Tampa)</subfield>
  </datafield>
  <datafield tag="670" ind1=" " ind2=" ">
    <subfield code="a">MyLife, via WWW, December 30, 2019</subfield>
    <subfield code="b">(Tony Armer; resides in Clearwater, Florida; birthday, March 1, 1970; fuller form of name, Tony Alan Armer)</subfield>
  </datafield>
</record>