
<record>
  <leader>01608nz  a2200217n  4500</leader>
  <controlfield tag="001">11256889</controlfield>
  <controlfield tag="003">DLC</controlfield>
  <controlfield tag="005">20200101073005.0</controlfield>
  <controlfield tag="008">191231n| azannaabn          |a aaa     c</controlfield>
  <datafield tag="010" ind1=" " ind2=" ">
    <subfield code="a">no2019191405</subfield>
  </datafield>
  <datafield tag="035" ind1=" " ind2=" ">
    <subfield code="a">(OCoLC)oca12664206</subfield>
  </datafield>
  <datafield tag="040" ind1=" " ind2=" ">
    <subfield code="a">OU</subfield>
    <subfield code="b">eng</subfield>
    <subfield code="e">rda</subfield>
    <subfield code="c">OU</subfield>
  </datafield>
  <datafield tag="046" ind1=" " ind2=" ">
    <subfield code="f">1906-08-18</subfield>
    <subfield code="g">1996-07-11</subfield>
    <subfield code="2">edtf</subfield>
  </datafield>
  <datafield tag="100" ind1="1" ind2=" ">
    <subfield code="a">Dahlberg, Torsten,</subfield>
    <subfield code="d">1906-1996</subfield>
  </datafield>
  <datafield tag="370" ind1=" " ind2=" ">
    <subfield code="a">Skåne (Sweden)</subfield>
    <subfield code="2">naf</subfield>
  </datafield>
  <datafield tag="374" ind1=" " ind2=" ">
    <subfield code="a">Germanists</subfield>
    <subfield code="a">College teachers</subfield>
    <subfield code="2">lcsh</subfield>
  </datafield>
  <datafield tag="375" ind1=" " ind2=" ">
    <subfield code="a">Males</subfield>
    <subfield code="2">lcdgt</subfield>
  </datafield>
  <datafield tag="378" ind1=" " ind2=" ">
    <subfield code="q">Anders Torsten</subfield>
  </datafield>
  <datafield tag="400" ind1="1" ind2=" ">
    <subfield code="a">Dahlberg, Anders Torsten,</subfield>
    <subfield code="d">1906-1996</subfield>
  </datafield>
  <datafield tag="670" ind1=" " ind2=" ">
    <subfield code="a">Studien über den wortschatz Südhannovers, 1941:</subfield>
    <subfield code="b">title page (Torsten Dahlberg)</subfield>
  </datafield>
  <datafield tag="670" ind1=" " ind2=" ">
    <subfield code="a">Wikidata via Wikipedia, December 31, 2019</subfield>
    <subfield code="b">(alias: Anders Torsten Dahlberg, Torsten Dahlberg; instance of: human; sex or gender: male; country of citizenship: Sweden; date of birth: +1906-08-18T00:00:00Z; date of death: +1996-07-11T00:00:00Z; location of burial: Östra kyrkogården; given name: Torsten; VIAF identifier: 20046864; surname: Dahlberg; employer: University of Gothenburg; member of: Royal Society of Arts and Sciences in Gothenburg, Royal Swedish Academy of Letters, History and Antiquities, Society of Sciences in Lund; Royal Swedish Academy of Letters member ID (P3389): 998; SELIBR: 183147; NTA identifier (Netherlands): 073307912; GND identifier: 1034715046; BIBSYS identifier: 5034191; BAV (Vatican Library) identifier: ADV10118984; NUKAT authorities: n2004251993; ISNI (P213): 000000010877237X; Libris-URI (P5587): c9prrncw3lh6mb7; SUDOC authorities: 128432993; NKC identifier: mzk2014848058)</subfield>
    <subfield code="u">http://www.wikidata.org/entity/Q16945191</subfield>
  </datafield>
</record>