
<record>
  <leader>00934nz  a2200193n  4500</leader>
  <controlfield tag="001">11256891</controlfield>
  <controlfield tag="003">DLC</controlfield>
  <controlfield tag="005">20200101073005.0</controlfield>
  <controlfield tag="008">191231n| azannaabn          |n aaa     c</controlfield>
  <datafield tag="010" ind1=" " ind2=" ">
    <subfield code="a">no2019191407</subfield>
  </datafield>
  <datafield tag="035" ind1=" " ind2=" ">
    <subfield code="a">(OCoLC)oca12664208</subfield>
  </datafield>
  <datafield tag="040" ind1=" " ind2=" ">
    <subfield code="a">MnU</subfield>
    <subfield code="b">eng</subfield>
    <subfield code="e">rda</subfield>
    <subfield code="c">MnU</subfield>
  </datafield>
  <datafield tag="046" ind1=" " ind2=" ">
    <subfield code="f">1959</subfield>
    <subfield code="2">edtf</subfield>
  </datafield>
  <datafield tag="100" ind1="1" ind2=" ">
    <subfield code="a">Gerschwitz, Matthias,</subfield>
    <subfield code="d">1959-</subfield>
  </datafield>
  <datafield tag="370" ind1=" " ind2=" ">
    <subfield code="a">Wuppertal (Germany)</subfield>
    <subfield code="c">Germany</subfield>
    <subfield code="2">naf</subfield>
  </datafield>
  <datafield tag="370" ind1=" " ind2=" ">
    <subfield code="e">Berlin (Germany)</subfield>
    <subfield code="2">naf</subfield>
    <subfield code="s">1992</subfield>
  </datafield>
  <datafield tag="374" ind1=" " ind2=" ">
    <subfield code="a">Authors</subfield>
    <subfield code="2">lcsh</subfield>
  </datafield>
  <datafield tag="670" ind1=" " ind2=" ">
    <subfield code="a">Endlich mal was Positives: offensiv &amp; optimistisch: mein Umgang mit HIV, 2009:</subfield>
    <subfield code="b">title page (Matthias Gerschwitz) page 4 (Matthias Gerschwitz, Jahrgang 1959; lebt seit 1992 in Berlin) page 94 (Weitere Bücher von Matthias Gerschwitz: Bullrich-Salz; Molle und Medaille; Das Haus in der Kaiserstrasse)</subfield>
  </datafield>
  <datafield tag="670" ind1=" " ind2=" ">
    <subfield code="a">German National Library in VIAF, December 31, 2019</subfield>
    <subfield code="b">(authorized access point: Gerschwitz, Matthias, 1959- ; birthplace: Wuppertal)</subfield>
    <subfield code="u">http://viaf.org/viaf/81042678</subfield>
  </datafield>
</record>