
<record>
  <leader>00885nz  a2200181n  4500</leader>
  <controlfield tag="001">11256892</controlfield>
  <controlfield tag="003">DLC</controlfield>
  <controlfield tag="005">20200101073005.0</controlfield>
  <controlfield tag="008">191231n| azannaabn          |a ana     c</controlfield>
  <datafield tag="010" ind1=" " ind2=" ">
    <subfield code="a">no2019191408</subfield>
  </datafield>
  <datafield tag="035" ind1=" " ind2=" ">
    <subfield code="a">(OCoLC)oca12664209</subfield>
  </datafield>
  <datafield tag="040" ind1=" " ind2=" ">
    <subfield code="a">ICU</subfield>
    <subfield code="b">eng</subfield>
    <subfield code="e">rda</subfield>
    <subfield code="c">ICU</subfield>
  </datafield>
  <datafield tag="046" ind1=" " ind2=" ">
    <subfield code="s">1939-04-18</subfield>
    <subfield code="t">1939-04-19</subfield>
    <subfield code="2">edtf</subfield>
  </datafield>
  <datafield tag="110" ind1="2" ind2=" ">
    <subfield code="a">Czech-American National Alliance.</subfield>
    <subfield code="b">Convention</subfield>
    <subfield code="d">(1939 :</subfield>
    <subfield code="c">Chicago, Ill.)</subfield>
  </datafield>
  <datafield tag="370" ind1=" " ind2=" ">
    <subfield code="e">Chicago (Ill.)</subfield>
    <subfield code="2">naf</subfield>
  </datafield>
  <datafield tag="410" ind1="2" ind2=" ">
    <subfield code="a">Czech-American National Alliance.</subfield>
    <subfield code="b">Historický sjezd</subfield>
    <subfield code="d">(1939 :</subfield>
    <subfield code="c">Chicago, Ill.)</subfield>
  </datafield>
  <datafield tag="410" ind1="2" ind2=" ">
    <subfield code="a">Historický sjezd Českého národníhio sdružení v Americe</subfield>
  </datafield>
  <datafield tag="670" ind1=" " ind2=" ">
    <subfield code="a">Zápis z historického sjezdu Českého národního sdružení v Americe konaného 18. a 19. dubna 1939 v Chicagu, Illinois, 1939:</subfield>
    <subfield code="b">title page (historického sjezdu Českého Národního Sdružení v Americe konaného 18. a 19. dubna 1939 v Chicagu, Illinois)</subfield>
  </datafield>
</record>