
<record>
  <leader>00716nz  a2200193n  4500</leader>
  <controlfield tag="001">11256894</controlfield>
  <controlfield tag="003">DLC</controlfield>
  <controlfield tag="005">20200101073005.0</controlfield>
  <controlfield tag="008">191231n| azannaabn          |a aaa     c</controlfield>
  <datafield tag="010" ind1=" " ind2=" ">
    <subfield code="a">no2019191419</subfield>
  </datafield>
  <datafield tag="035" ind1=" " ind2=" ">
    <subfield code="a">(OCoLC)oca12664220</subfield>
  </datafield>
  <datafield tag="040" ind1=" " ind2=" ">
    <subfield code="a">MiBsA</subfield>
    <subfield code="b">eng</subfield>
    <subfield code="c">MiBsA</subfield>
    <subfield code="e">rda</subfield>
  </datafield>
  <datafield tag="100" ind1="1" ind2=" ">
    <subfield code="a">Barba Briceño, Luis</subfield>
  </datafield>
  <datafield tag="375" ind1=" " ind2=" ">
    <subfield code="a">male</subfield>
  </datafield>
  <datafield tag="377" ind1=" " ind2=" ">
    <subfield code="a">spa</subfield>
  </datafield>
  <datafield tag="400" ind1="1" ind2=" ">
    <subfield code="a">Briceño, Luis Barba</subfield>
  </datafield>
  <datafield tag="400" ind1="1" ind2=" ">
    <subfield code="a">Barba Briceño, Luis Estuardo</subfield>
  </datafield>
  <datafield tag="670" ind1=" " ind2=" ">
    <subfield code="a">Factores predictores de la satisfaccion laboral en los docentes de las instituciones educativas de la APC-SUR, c2011:</subfield>
    <subfield code="b">t.p. (Luis Barba Briceño, Ph.D. from Andrews University, Mich.)</subfield>
  </datafield>
  <datafield tag="670" ind1=" " ind2=" ">
    <subfield code="a">Andrews University website, Dec. 31, 2019</subfield>
    <subfield code="b">(Luis Estuardo Barba Briceno; gender: male)</subfield>
  </datafield>
</record>