
<record>
  <leader>00727nz  a2200145n  4500</leader>
  <controlfield tag="001">11256896</controlfield>
  <controlfield tag="003">DLC</controlfield>
  <controlfield tag="005">20200101073005.0</controlfield>
  <controlfield tag="008">191231n| azannaabn          |n aaa     c</controlfield>
  <datafield tag="010" ind1=" " ind2=" ">
    <subfield code="a">no2019191424</subfield>
  </datafield>
  <datafield tag="035" ind1=" " ind2=" ">
    <subfield code="a">(OCoLC)oca12664225</subfield>
  </datafield>
  <datafield tag="040" ind1=" " ind2=" ">
    <subfield code="a">CaBVa</subfield>
    <subfield code="b">eng</subfield>
    <subfield code="e">rda</subfield>
    <subfield code="c">CaBVa</subfield>
  </datafield>
  <datafield tag="100" ind1="1" ind2=" ">
    <subfield code="a">Thomas, Paul</subfield>
    <subfield code="c">(Cheesemaker)</subfield>
  </datafield>
  <datafield tag="374" ind1=" " ind2=" ">
    <subfield code="a">Cheesemakers</subfield>
    <subfield code="2">lcsh</subfield>
  </datafield>
  <datafield tag="670" ind1=" " ind2=" ">
    <subfield code="a">Home-made cheese, 2016:</subfield>
    <subfield code="b">title page (Paul Thomas) dust jacket flap (graduated with a degree in biochemistry in 1999; worked for several years as an affineur at cheesemonger, IJ Mellis in Edinburgh; as head cheesemaker at Lybum Farm in the New Forest; set up with his wife Hannah Timble Cheesemakers in 2013; teaches at The School of Artisan Food and the River Cottage Cookery School)</subfield>
  </datafield>
</record>