
<record>
  <leader>00754nz  a2200205n  4500</leader>
  <controlfield tag="001">11256897</controlfield>
  <controlfield tag="003">DLC</controlfield>
  <controlfield tag="005">20200101073005.0</controlfield>
  <controlfield tag="008">191231n| azannaabn          |b aaa     c</controlfield>
  <datafield tag="010" ind1=" " ind2=" ">
    <subfield code="a">no2019191425</subfield>
  </datafield>
  <datafield tag="035" ind1=" " ind2=" ">
    <subfield code="a">(OCoLC)oca12664226</subfield>
  </datafield>
  <datafield tag="040" ind1=" " ind2=" ">
    <subfield code="a">NjP</subfield>
    <subfield code="b">eng</subfield>
    <subfield code="e">rda</subfield>
    <subfield code="c">NjP</subfield>
  </datafield>
  <datafield tag="100" ind1="1" ind2=" ">
    <subfield code="a">Fleishman, Daniel</subfield>
    <subfield code="c">(Rabbi)</subfield>
  </datafield>
  <datafield tag="374" ind1=" " ind2=" ">
    <subfield code="a">Rabbis</subfield>
    <subfield code="2">lcsh</subfield>
  </datafield>
  <datafield tag="377" ind1=" " ind2=" ">
    <subfield code="a">heb</subfield>
  </datafield>
  <datafield tag="400" ind1="1" ind2=" ">
    <subfield code="a">Flaishman, Daniyel</subfield>
  </datafield>
  <datafield tag="400" ind1="1" ind2=" ">
    <subfield code="a">פליישמן, דניאל</subfield>
  </datafield>
  <datafield tag="667" ind1=" " ind2=" ">
    <subfield code="a">Non-Latin script reference not evaluated.</subfield>
  </datafield>
  <datafield tag="670" ind1=" " ind2=" ">
    <subfield code="a">Halakha mi-meḳorah, Tefilin, 2019:</subfield>
    <subfield code="b">title page (הרב דניאל פליישמן = ha-Rav Daniyel Flaishman)</subfield>
  </datafield>
  <datafield tag="670" ind1=" " ind2=" ">
    <subfield code="a">Sulamot WWW site, December 31, 2019</subfield>
    <subfield code="b">(Rav Daniel Fleishman, Director of Halacha Department, Sulamot)</subfield>
    <subfield code="u">https://www.sulamot.org/en/about-us/</subfield>
  </datafield>
</record>