
<record>
  <leader>00515nz  a2200145n  4500</leader>
  <controlfield tag="001">11256900</controlfield>
  <controlfield tag="003">DLC</controlfield>
  <controlfield tag="005">20200101073005.0</controlfield>
  <controlfield tag="008">191231n| azannaabn          |n aaa     c</controlfield>
  <datafield tag="010" ind1=" " ind2=" ">
    <subfield code="a">no2019191435</subfield>
  </datafield>
  <datafield tag="035" ind1=" " ind2=" ">
    <subfield code="a">(OCoLC)oca12664236</subfield>
  </datafield>
  <datafield tag="040" ind1=" " ind2=" ">
    <subfield code="a">NRU-Mus</subfield>
    <subfield code="b">eng</subfield>
    <subfield code="e">rda</subfield>
    <subfield code="c">NRU-Mus</subfield>
  </datafield>
  <datafield tag="100" ind1="1" ind2=" ">
    <subfield code="a">Malotta, Ulrike</subfield>
  </datafield>
  <datafield tag="374" ind1=" " ind2=" ">
    <subfield code="a">Contraltos</subfield>
    <subfield code="a">Mezzo-sopranos</subfield>
    <subfield code="2">lcsh</subfield>
  </datafield>
  <datafield tag="670" ind1=" " ind2=" ">
    <subfield code="a">Loewe, Carl. Das Sühnopfer des neuen Bundes, 2019:</subfield>
    <subfield code="b">container (Ulrike Malotta) notes (mezzo-soprano, has performed the contralto part in Bach&apos;s St. John&apos;s Passion)</subfield>
  </datafield>
</record>