
<record>
  <leader>00766nz  a2200205n  4500</leader>
  <controlfield tag="001">11256901</controlfield>
  <controlfield tag="003">DLC</controlfield>
  <controlfield tag="005">20200101073005.0</controlfield>
  <controlfield tag="008">191231n| azannaabn          |a aaa     c</controlfield>
  <datafield tag="010" ind1=" " ind2=" ">
    <subfield code="a">no2019191436</subfield>
  </datafield>
  <datafield tag="035" ind1=" " ind2=" ">
    <subfield code="a">(OCoLC)oca12664237</subfield>
  </datafield>
  <datafield tag="040" ind1=" " ind2=" ">
    <subfield code="a">ICrlF</subfield>
    <subfield code="b">eng</subfield>
    <subfield code="e">rda</subfield>
    <subfield code="c">ICrlF</subfield>
  </datafield>
  <datafield tag="046" ind1=" " ind2=" ">
    <subfield code="k">2018</subfield>
    <subfield code="2">edtf</subfield>
  </datafield>
  <datafield tag="100" ind1="1" ind2=" ">
    <subfield code="a">Kinney, Jeff.</subfield>
    <subfield code="t">Meltdown.</subfield>
    <subfield code="k">Selections.</subfield>
    <subfield code="l">Chinese</subfield>
  </datafield>
  <datafield tag="373" ind1=" " ind2=" ">
    <subfield code="a">SPM (Firm)</subfield>
  </datafield>
  <datafield tag="377" ind1=" " ind2=" ">
    <subfield code="a">chi</subfield>
  </datafield>
  <datafield tag="400" ind1="1" ind2=" ">
    <subfield code="a">Kinney, Jeff.</subfield>
    <subfield code="t">Jihan qiushengji</subfield>
  </datafield>
  <datafield tag="400" ind1="1" ind2=" ">
    <subfield code="a">Kinney, Jeff.</subfield>
    <subfield code="t">Bingxue dazuozhan</subfield>
  </datafield>
  <datafield tag="670" ind1=" " ind2=" ">
    <subfield code="a">Kinney, Jeff. Jihan qiushengji, 2018:</subfield>
    <subfield code="b">title page verso (originally titled The meltdown) title page (SPM) (Chinese title published in two parts)</subfield>
  </datafield>
  <datafield tag="670" ind1=" " ind2=" ">
    <subfield code="a">Kinney, Jeff. Bingxue dazuozhan, 2018:</subfield>
    <subfield code="b">title page verso (originally titled The meltdown) title page (SPM)</subfield>
  </datafield>
</record>