
<record>
  <leader>01365nz  a2200241n  4500</leader>
  <controlfield tag="001">11256904</controlfield>
  <controlfield tag="003">DLC</controlfield>
  <controlfield tag="005">20200101073005.0</controlfield>
  <controlfield tag="008">191231n| azannaabn          |n aaa     c</controlfield>
  <datafield tag="010" ind1=" " ind2=" ">
    <subfield code="a">no2019191439</subfield>
  </datafield>
  <datafield tag="035" ind1=" " ind2=" ">
    <subfield code="a">(OCoLC)oca12664240</subfield>
  </datafield>
  <datafield tag="040" ind1=" " ind2=" ">
    <subfield code="a">HU</subfield>
    <subfield code="b">eng</subfield>
    <subfield code="e">rda</subfield>
    <subfield code="c">HU</subfield>
  </datafield>
  <datafield tag="046" ind1=" " ind2=" ">
    <subfield code="f">1950-04-08</subfield>
    <subfield code="2">edtf</subfield>
  </datafield>
  <datafield tag="100" ind1="1" ind2=" ">
    <subfield code="a">Yongvanit, Sekson,</subfield>
    <subfield code="d">1950-</subfield>
  </datafield>
  <datafield tag="370" ind1=" " ind2=" ">
    <subfield code="a">Bangkok (Thailand)</subfield>
    <subfield code="c">Thailand</subfield>
    <subfield code="2">naf</subfield>
  </datafield>
  <datafield tag="372" ind1=" " ind2=" ">
    <subfield code="a">Geomorphological mapping</subfield>
    <subfield code="a">Geological mapping</subfield>
    <subfield code="a">Geography</subfield>
    <subfield code="a">Cartography</subfield>
    <subfield code="a">Finance</subfield>
    <subfield code="a">College teaching</subfield>
    <subfield code="2">lcsh</subfield>
  </datafield>
  <datafield tag="373" ind1=" " ind2=" ">
    <subfield code="a">Southeast Asia Geography Association</subfield>
  </datafield>
  <datafield tag="373" ind1=" " ind2=" ">
    <subfield code="a">Mahāwitthayālai Khō̜n Kǣn</subfield>
    <subfield code="a">Universität Tübingen</subfield>
    <subfield code="2">naf</subfield>
  </datafield>
  <datafield tag="374" ind1=" " ind2=" ">
    <subfield code="a">Geologists</subfield>
    <subfield code="a">Geographers</subfield>
    <subfield code="a">Cartographers</subfield>
    <subfield code="a">College teachers</subfield>
    <subfield code="2">lcsh</subfield>
  </datafield>
  <datafield tag="375" ind1=" " ind2=" ">
    <subfield code="a">Males</subfield>
    <subfield code="2">lcdgt</subfield>
  </datafield>
  <datafield tag="377" ind1=" " ind2=" ">
    <subfield code="a">eng</subfield>
  </datafield>
  <datafield tag="670" ind1=" " ind2=" ">
    <subfield code="a">International atlas of Karst phenomena. Sheet 21, Khon San, Northeast Thailand, 2006:</subfield>
    <subfield code="b">title page (Prof. Dr. Sekson Yongvanit, University Khon Kaen)</subfield>
  </datafield>
  <datafield tag="670" ind1=" " ind2=" ">
    <subfield code="a">Prabook WWW site, viewed December 16, 2019</subfield>
    <subfield code="b">(Sekson Yongvanit; Thai finance educator, researcher; Yongvanit, Sekson; born on April 8, 1950 in Bangkok, Thailand; Doctor rerum naturalium (Doctor in Sciences), University Tuebingen, Germany, 1999; lecturer Khon Kaen University, Thailand, 1986-1992; assistant professor Thailand, 1992-1997; associate professor Thailand, since 1997; director of Southeast Asia Geography Association; male)</subfield>
  </datafield>
</record>