
<record>
  <leader>01106nz  a2200217n  4500</leader>
  <controlfield tag="001">11256905</controlfield>
  <controlfield tag="003">DLC</controlfield>
  <controlfield tag="005">20200101073005.0</controlfield>
  <controlfield tag="008">191231n| azannaabn          |n ana     c</controlfield>
  <datafield tag="010" ind1=" " ind2=" ">
    <subfield code="a">no2019191440</subfield>
  </datafield>
  <datafield tag="035" ind1=" " ind2=" ">
    <subfield code="a">(OCoLC)oca12664241</subfield>
  </datafield>
  <datafield tag="040" ind1=" " ind2=" ">
    <subfield code="a">HU</subfield>
    <subfield code="b">eng</subfield>
    <subfield code="e">rda</subfield>
    <subfield code="c">HU</subfield>
  </datafield>
  <datafield tag="110" ind1="2" ind2=" ">
    <subfield code="a">Breadfruit Educational Productions (Firm)</subfield>
  </datafield>
  <datafield tag="368" ind1=" " ind2=" ">
    <subfield code="a">Business enterprises</subfield>
    <subfield code="2">lcsh</subfield>
  </datafield>
  <datafield tag="370" ind1=" " ind2=" ">
    <subfield code="c">United States</subfield>
    <subfield code="e">Honolulu (Hawaii)</subfield>
    <subfield code="2">naf</subfield>
  </datafield>
  <datafield tag="372" ind1=" " ind2=" ">
    <subfield code="a">Nonfiction films</subfield>
    <subfield code="a">Documentary films</subfield>
    <subfield code="a">Short films</subfield>
    <subfield code="2">lcgft</subfield>
  </datafield>
  <datafield tag="372" ind1=" " ind2=" ">
    <subfield code="a">Educational films--Production and direction</subfield>
    <subfield code="2">lcsh</subfield>
  </datafield>
  <datafield tag="373" ind1=" " ind2=" ">
    <subfield code="a">University of Hawaii at Manoa. Center for Pacific Islands Studies</subfield>
    <subfield code="2">naf</subfield>
  </datafield>
  <datafield tag="377" ind1=" " ind2=" ">
    <subfield code="a">eng</subfield>
  </datafield>
  <datafield tag="670" ind1=" " ind2=" ">
    <subfield code="a">Crossing spaces, 2018:</subfield>
    <subfield code="b">title frames (Breadfruit Educational Productions)</subfield>
  </datafield>
  <datafield tag="670" ind1=" " ind2=" ">
    <subfield code="a">Breadfruit Educational Productions WWW site, viewed Oct. 8, 2019:</subfield>
    <subfield code="b">homepage (Breadfruit Educational provides resources and lesson plans all produced by Pacific Islander educators) contact us (email: lola@breadfruiteducational.com, Center for Pacific Islands Studies, University of Hawaiʻi at Manoa,1890 East-West Road, Moore 208, Honolulu, Hawaiʻi, 96822)</subfield>
  </datafield>
</record>