
<record>
  <leader>02128nz  a2200229n  4500</leader>
  <controlfield tag="001">11256906</controlfield>
  <controlfield tag="003">DLC</controlfield>
  <controlfield tag="005">20200101073005.0</controlfield>
  <controlfield tag="008">191230n| azannaabn          |b ana     c</controlfield>
  <datafield tag="010" ind1=" " ind2=" ">
    <subfield code="a">no2019191442</subfield>
  </datafield>
  <datafield tag="035" ind1=" " ind2=" ">
    <subfield code="a">(OCoLC)oca12664243</subfield>
  </datafield>
  <datafield tag="040" ind1=" " ind2=" ">
    <subfield code="a">NNFr</subfield>
    <subfield code="b">eng</subfield>
    <subfield code="e">rda</subfield>
    <subfield code="c">NNFr</subfield>
  </datafield>
  <datafield tag="046" ind1=" " ind2=" ">
    <subfield code="k">2017</subfield>
    <subfield code="2">edtf</subfield>
  </datafield>
  <datafield tag="110" ind1="2" ind2=" ">
    <subfield code="a">Vserossiĭskiĭ muzeĭ dekorativno-prikladnogo i narodnogo iskusstva.</subfield>
    <subfield code="t">Mori︠a︡k, khudozhnik, chelovek</subfield>
  </datafield>
  <datafield tag="370" ind1=" " ind2=" ">
    <subfield code="g">Moscow (Russia)</subfield>
    <subfield code="2">naf</subfield>
  </datafield>
  <datafield tag="380" ind1=" " ind2=" ">
    <subfield code="a">Exhibition catalogs</subfield>
    <subfield code="2">lcgft</subfield>
  </datafield>
  <datafield tag="410" ind1="2" ind2=" ">
    <subfield code="a">Всероссийский музей декоративно-прикладного и народного искусства.</subfield>
    <subfield code="t">Моряк, художник, человек</subfield>
  </datafield>
  <datafield tag="410" ind1="2" ind2=" ">
    <subfield code="a">Всероссийский музей декоративно-прикладного и народного искусства.</subfield>
    <subfield code="t">Владимир Голицын, 1902-1943, из коллекция Всероссийского музея декоративно-прикладного и народного искусства и собрания художника</subfield>
  </datafield>
  <datafield tag="410" ind1="2" ind2=" ">
    <subfield code="a">Vserossiĭskiĭ muzeĭ dekorativno-prikladnogo i narodnogo iskusstva.</subfield>
    <subfield code="t">Vladimir Golit︠s︡yn, 1902-1943, iz kollekt︠s︡ii︠a︡ Vserossiĭskogo muzei︠a︡ dekorativno-prikladnogo i narodnogo iskusstva i sobranii︠a︡ khudozhnika</subfield>
  </datafield>
  <datafield tag="510" ind1="2" ind2=" ">
    <subfield code="w">r</subfield>
    <subfield code="i">Issuing body:</subfield>
    <subfield code="a">Vserossiĭskiĭ muzeĭ dekorativno-prikladnogo i narodnogo iskusstva</subfield>
  </datafield>
  <datafield tag="667" ind1=" " ind2=" ">
    <subfield code="a">Non-Latin script references not evaluated.</subfield>
  </datafield>
  <datafield tag="670" ind1=" " ind2=" ">
    <subfield code="a">Vserossiĭskiĭ muzeĭ dekorativno-prikladnogo i narodnogo iskusstva. Mori︠a︡k, khudozhnik, chelovek, 2017:</subfield>
    <subfield code="b">title page (Моряк, художник, человек = Mori︠a︡k, khudozhnik, chelovek; other title information: Владимир Голицын, 1902-1943 : из коллекция Всероссийского музея декоративно-прикладного и народного искусства и собрания художника = Vladimir Golit︠s︡yn (1902-1943) : iz kollekt︠s︡ii︠a︡ Vserossiĭskogo muzei︠a︡ dekorativno-prikladnogo i narodnogo iskusstva i sobranii︠a︡ khudozhnika)</subfield>
  </datafield>
</record>