
<record>
  <leader>00809nz  a2200205n  4500</leader>
  <controlfield tag="001">11256907</controlfield>
  <controlfield tag="003">DLC</controlfield>
  <controlfield tag="005">20200101073006.0</controlfield>
  <controlfield tag="008">191231n| azannaabn          |a aaa     c</controlfield>
  <datafield tag="010" ind1=" " ind2=" ">
    <subfield code="a">no2019191443</subfield>
  </datafield>
  <datafield tag="016" ind1=" " ind2=" ">
    <subfield code="a">1032G1512E</subfield>
  </datafield>
  <datafield tag="035" ind1=" " ind2=" ">
    <subfield code="a">(OCoLC)oca12664244</subfield>
  </datafield>
  <datafield tag="040" ind1=" " ind2=" ">
    <subfield code="a">CaOONL</subfield>
    <subfield code="b">eng</subfield>
    <subfield code="e">rda</subfield>
    <subfield code="c">CaOONL</subfield>
  </datafield>
  <datafield tag="042" ind1=" " ind2=" ">
    <subfield code="a">nlc</subfield>
  </datafield>
  <datafield tag="100" ind1="1" ind2=" ">
    <subfield code="a">O&apos;Neill, H. B.</subfield>
  </datafield>
  <datafield tag="373" ind1=" " ind2=" ">
    <subfield code="a">Canada. Natural Resources Canada</subfield>
    <subfield code="2">naf</subfield>
  </datafield>
  <datafield tag="400" ind1="1" ind2=" ">
    <subfield code="a">O&apos;Neill, Hugh Brendan</subfield>
  </datafield>
  <datafield tag="670" ind1=" " ind2=" ">
    <subfield code="a">Surficial geology and Holocene shoreline evolution near Whitebeach Point, Great Slave Lake, Northwest Territories, 2019:</subfield>
    <subfield code="b">title page (H.B. O&apos;Neill)</subfield>
  </datafield>
  <datafield tag="670" ind1=" " ind2=" ">
    <subfield code="a">GOC411 - employee directory, viewed December 31, 2019</subfield>
    <subfield code="b">(Hugh Brendan O&apos;Neill; Natural Resources Canada)</subfield>
    <subfield code="u">http://www.goc411.ca/en/265152/Hugh-Brendan-O&apos;Neill</subfield>
  </datafield>
  <datafield tag="700" ind1="1" ind2="6">
    <subfield code="a">O&apos;Neill, H. B.</subfield>
    <subfield code="0">(CaOONL)ncf10658830</subfield>
  </datafield>
</record>