
<record>
  <leader>02436nz  a2200313n  4500</leader>
  <controlfield tag="001">11256911</controlfield>
  <controlfield tag="003">DLC</controlfield>
  <controlfield tag="005">20200101073006.0</controlfield>
  <controlfield tag="008">191231n| azannaabn          |n aaa     c</controlfield>
  <datafield tag="010" ind1=" " ind2=" ">
    <subfield code="a">no2019191448</subfield>
  </datafield>
  <datafield tag="035" ind1=" " ind2=" ">
    <subfield code="a">(OCoLC)oca12664249</subfield>
  </datafield>
  <datafield tag="040" ind1=" " ind2=" ">
    <subfield code="a">OCUCA</subfield>
    <subfield code="b">eng</subfield>
    <subfield code="e">rda</subfield>
    <subfield code="c">OCUCA</subfield>
  </datafield>
  <datafield tag="046" ind1=" " ind2=" ">
    <subfield code="f">1942-09-22</subfield>
    <subfield code="2">edtf</subfield>
  </datafield>
  <datafield tag="100" ind1="1" ind2=" ">
    <subfield code="a">Cole, Jeffrey,</subfield>
    <subfield code="d">1942-</subfield>
  </datafield>
  <datafield tag="370" ind1=" " ind2=" ">
    <subfield code="a">Chicago (Ill.)</subfield>
    <subfield code="c">United States</subfield>
    <subfield code="e">Chicago (Ill.)</subfield>
    <subfield code="2">naf</subfield>
  </datafield>
  <datafield tag="372" ind1=" " ind2=" ">
    <subfield code="a">Law</subfield>
    <subfield code="2">lcsh</subfield>
  </datafield>
  <datafield tag="373" ind1=" " ind2=" ">
    <subfield code="a">United States. Department of Justice</subfield>
    <subfield code="2">naf</subfield>
    <subfield code="s">1969</subfield>
    <subfield code="t">1969</subfield>
  </datafield>
  <datafield tag="373" ind1=" " ind2=" ">
    <subfield code="a">United States. Attorney (Illinois : Northern District)</subfield>
    <subfield code="2">naf</subfield>
    <subfield code="s">1969</subfield>
    <subfield code="t">1975</subfield>
  </datafield>
  <datafield tag="373" ind1=" " ind2=" ">
    <subfield code="a">Chicago-Kent College of Law</subfield>
    <subfield code="2">naf</subfield>
    <subfield code="s">1974</subfield>
    <subfield code="t">1987</subfield>
  </datafield>
  <datafield tag="373" ind1=" " ind2=" ">
    <subfield code="a">Northwestern University (Evanston, Ill.). School of Law</subfield>
    <subfield code="2">naf</subfield>
    <subfield code="s">1998</subfield>
    <subfield code="t">2016</subfield>
  </datafield>
  <datafield tag="373" ind1=" " ind2=" ">
    <subfield code="a">Cole &amp; Staes</subfield>
  </datafield>
  <datafield tag="373" ind1=" " ind2=" ">
    <subfield code="a">United States. District Court (Illinois : Northern District)</subfield>
    <subfield code="2">naf</subfield>
    <subfield code="s">2005</subfield>
  </datafield>
  <datafield tag="374" ind1=" " ind2=" ">
    <subfield code="a">Lawyers</subfield>
    <subfield code="2">lcsh</subfield>
    <subfield code="s">1968</subfield>
  </datafield>
  <datafield tag="374" ind1=" " ind2=" ">
    <subfield code="a">Judges</subfield>
    <subfield code="2">lcsh</subfield>
    <subfield code="s">2005</subfield>
  </datafield>
  <datafield tag="375" ind1=" " ind2=" ">
    <subfield code="a">Males</subfield>
    <subfield code="2">lcdgt</subfield>
  </datafield>
  <datafield tag="377" ind1=" " ind2=" ">
    <subfield code="a">eng</subfield>
  </datafield>
  <datafield tag="670" ind1=" " ind2=" ">
    <subfield code="a">Kocoras, Charles P. Where&apos;s mine, 2019:</subfield>
    <subfield code="b">title page (Jeffrey Cole)</subfield>
  </datafield>
  <datafield tag="670" ind1=" " ind2=" ">
    <subfield code="a">Martindale-Hubbell law directory, 1999:</subfield>
    <subfield code="b">page IL226B (Jeffrey Cole; born Chicago, Illinois, September 22, 1942; admitted to bar, 1968, Illinois; 1969, U.S. District Court, Northern District of Illinois including Trial Bar; 1971, U.S. Supreme Court and U.S. Court of Appeals, Seventh Circuit; 1983, U.S. Tax Court; 1985, U.S. District Court, Eastern District of Wisconsin; 1992, U.S. Court of Appeals, Ninth Circuit; B.S., University of Illinois at Urbana, 1965; J.D., De Paul University, 1968; Assistant U.S. Attorney and Assistant Chief, Criminal Division, Chief Appellate Division, Northern District of Illinois, 1969-1975; with Cole &amp; Staes, Ltd., Chicago, Illinois)</subfield>
  </datafield>
  <datafield tag="670" ind1=" " ind2=" ">
    <subfield code="a">U.S. District Court, Northern District of Illinois WWW site, viewed December 30, 2019:</subfield>
    <subfield code="b">biographical data page (Jeffrey Cole, United States Magistrate Judge, Northern District of Illinois, May 6, 2005; private practice, 1975-2005; Assistant United States Attorney, Northern District of Illinois: chief, Appellate Division and assistant chief, Criminal Division, 1969-1975; United States Department of Justice (Attorney General&apos;s Program for Honor&apos;s Law Graduates), 1969; adjunct professor, Northwestern University School of Law, 1998-2016; adjunct professor, IIT Chicago-Kent College of Law, 1974-1987)</subfield>
    <subfield code="u">https://www.ilnd.uscourts.gov/_assets/_documents/_forms/_judges/COLE/pdf/JudgeColeBio.pdf</subfield>
  </datafield>
</record>