
<record>
  <leader>01186nz  a2200241n  4500</leader>
  <controlfield tag="001">11256915</controlfield>
  <controlfield tag="003">DLC</controlfield>
  <controlfield tag="005">20200101073006.0</controlfield>
  <controlfield tag="008">191231n| azannaabn          |b aaa     c</controlfield>
  <datafield tag="010" ind1=" " ind2=" ">
    <subfield code="a">no2019191454</subfield>
  </datafield>
  <datafield tag="035" ind1=" " ind2=" ">
    <subfield code="a">(OCoLC)oca12664255</subfield>
  </datafield>
  <datafield tag="040" ind1=" " ind2=" ">
    <subfield code="a">ICrlF</subfield>
    <subfield code="b">eng</subfield>
    <subfield code="e">rda</subfield>
    <subfield code="c">ICrlF</subfield>
  </datafield>
  <datafield tag="046" ind1=" " ind2=" ">
    <subfield code="k">2018</subfield>
    <subfield code="2">edtf</subfield>
  </datafield>
  <datafield tag="100" ind1="1" ind2=" ">
    <subfield code="a">Shirakome, Ryō.</subfield>
    <subfield code="t">Arifureta shokugyou de sekai saikyou (Manga).</subfield>
    <subfield code="l">English</subfield>
  </datafield>
  <datafield tag="377" ind1=" " ind2=" ">
    <subfield code="a">eng</subfield>
  </datafield>
  <datafield tag="380" ind1=" " ind2=" ">
    <subfield code="a">Manga</subfield>
  </datafield>
  <datafield tag="381" ind1=" " ind2=" ">
    <subfield code="a">Denim</subfield>
  </datafield>
  <datafield tag="400" ind1="1" ind2=" ">
    <subfield code="a">Shirakome, Ryō.</subfield>
    <subfield code="t">Arifureta shokugyou de sekai saikyō (Manga).</subfield>
    <subfield code="l">English</subfield>
  </datafield>
  <datafield tag="400" ind1="1" ind2=" ">
    <subfield code="a">Shirakome, Ryō.</subfield>
    <subfield code="t">ありふれた職業で世界最強 (Manga).</subfield>
    <subfield code="l">English</subfield>
  </datafield>
  <datafield tag="400" ind1="1" ind2=" ">
    <subfield code="a">Shirakome, Ryō.</subfield>
    <subfield code="t">Arifureta, from commonplace to world&apos;s strongest (Manga)</subfield>
  </datafield>
  <datafield tag="667" ind1=" " ind2=" ">
    <subfield code="a">Non-Latin script references not evaluated.</subfield>
  </datafield>
  <datafield tag="670" ind1=" " ind2=" ">
    <subfield code="a">Shirakome, Ryō. Arifureta: from commonplace to world&apos;s strongest. #3, 2018:</subfield>
    <subfield code="b">front cover (art by RoGa ; original story by Ryo Shirakome) colophon (original Japanese title: Arifureta shokugyou de sekai saikyou ; translation, Garrison Denim)</subfield>
  </datafield>
  <datafield tag="670" ind1=" " ind2=" ">
    <subfield code="a">OCLC, Jan. 14, 2019</subfield>
    <subfield code="b">(ありふれた職業で世界最強 = Arifureta shokugyou de sekai saikyō = Arifureta: from commonplace to world&apos;s strongest)</subfield>
  </datafield>
</record>