
<record>
  <leader>01064nz  a2200217n  4500</leader>
  <controlfield tag="001">11256917</controlfield>
  <controlfield tag="003">DLC</controlfield>
  <controlfield tag="005">20200101073006.0</controlfield>
  <controlfield tag="008">191231n| azannaabn          |n aaa     c</controlfield>
  <datafield tag="010" ind1=" " ind2=" ">
    <subfield code="a">no2019191456</subfield>
  </datafield>
  <datafield tag="035" ind1=" " ind2=" ">
    <subfield code="a">(OCoLC)oca12664257</subfield>
  </datafield>
  <datafield tag="040" ind1=" " ind2=" ">
    <subfield code="a">NvU</subfield>
    <subfield code="b">eng</subfield>
    <subfield code="e">rda</subfield>
    <subfield code="c">NvU</subfield>
  </datafield>
  <datafield tag="046" ind1=" " ind2=" ">
    <subfield code="f">1940-01-21</subfield>
    <subfield code="g">2015-01-15</subfield>
    <subfield code="2">edtf</subfield>
  </datafield>
  <datafield tag="100" ind1="1" ind2=" ">
    <subfield code="a">Young, Judy,</subfield>
    <subfield code="d">1940-2015</subfield>
  </datafield>
  <datafield tag="370" ind1=" " ind2=" ">
    <subfield code="a">London (Ky.)</subfield>
    <subfield code="2">naf</subfield>
  </datafield>
  <datafield tag="372" ind1=" " ind2=" ">
    <subfield code="a">Painting</subfield>
    <subfield code="a">Poetry</subfield>
    <subfield code="2">lcsh</subfield>
  </datafield>
  <datafield tag="373" ind1=" " ind2=" ">
    <subfield code="a">Transylvania University</subfield>
    <subfield code="a">Warren Wilson College</subfield>
    <subfield code="a">Sayre School (Lexington, Ky.)</subfield>
    <subfield code="a">Harpeth Hall School (Nashville, Tenn.)</subfield>
    <subfield code="2">naf</subfield>
  </datafield>
  <datafield tag="374" ind1=" " ind2=" ">
    <subfield code="a">Teachers</subfield>
    <subfield code="2">lcsh</subfield>
  </datafield>
  <datafield tag="378" ind1=" " ind2=" ">
    <subfield code="q">Judy Gaines</subfield>
  </datafield>
  <datafield tag="670" ind1=" " ind2=" ">
    <subfield code="a">Careful hunger, 2019 :</subfield>
    <subfield code="b">title page (Judy Young) page xiii (Judy Young, 1940-2015)</subfield>
  </datafield>
  <datafield tag="670" ind1=" " ind2=" ">
    <subfield code="a">Judy Young obituary Lexington Herald-Leader viewed 30 December 2019</subfield>
    <subfield code="b">(Judy Gaines Young born in London, Kentucky on January 21, 1940. Died January 13, 2015. Taught at Sayre School in Lexington and Harpeth Hall School in Nashville. Graduate of Transylvania University in Lexington and Warren Wilson College.  Lifelong interest in poetry and painting)</subfield>
  </datafield>
</record>