
<record>
  <leader>00472nz  a2200145n  4500</leader>
  <controlfield tag="001">11256918</controlfield>
  <controlfield tag="003">DLC</controlfield>
  <controlfield tag="005">20200101073006.0</controlfield>
  <controlfield tag="008">191231n| azannaabn          |a aaa     c</controlfield>
  <datafield tag="010" ind1=" " ind2=" ">
    <subfield code="a">no2019191464</subfield>
  </datafield>
  <datafield tag="035" ind1=" " ind2=" ">
    <subfield code="a">(OCoLC)oca12664265</subfield>
  </datafield>
  <datafield tag="040" ind1=" " ind2=" ">
    <subfield code="a">NJQ</subfield>
    <subfield code="b">eng</subfield>
    <subfield code="e">rda</subfield>
    <subfield code="c">NJQ</subfield>
  </datafield>
  <datafield tag="100" ind1="1" ind2=" ">
    <subfield code="a">Dalvand, Reza,</subfield>
    <subfield code="d">1989-</subfield>
    <subfield code="t">Etwas schwarzes.</subfield>
    <subfield code="l">English</subfield>
  </datafield>
  <datafield tag="400" ind1="1" ind2=" ">
    <subfield code="a">Dalvand, Reza,</subfield>
    <subfield code="d">1989-</subfield>
    <subfield code="t">What could that be?</subfield>
  </datafield>
  <datafield tag="670" ind1=" " ind2=" ">
    <subfield code="a">Dalvand, Reza. What could that be?, 2020.</subfield>
    <subfield code="b">ecip galley (translation of Etwas schwarzes)</subfield>
  </datafield>
</record>