
<record>
  <leader>00591nz  a2200133n  4500</leader>
  <controlfield tag="001">11256919</controlfield>
  <controlfield tag="003">DLC</controlfield>
  <controlfield tag="005">20200101073006.0</controlfield>
  <controlfield tag="008">191231n| azannaabn          |n aaa     c</controlfield>
  <datafield tag="010" ind1=" " ind2=" ">
    <subfield code="a">no2019191465</subfield>
  </datafield>
  <datafield tag="035" ind1=" " ind2=" ">
    <subfield code="a">(OCoLC)oca12664266</subfield>
  </datafield>
  <datafield tag="040" ind1=" " ind2=" ">
    <subfield code="a">CaBVa</subfield>
    <subfield code="b">eng</subfield>
    <subfield code="e">rda</subfield>
    <subfield code="c">CaBVa</subfield>
  </datafield>
  <datafield tag="100" ind1="1" ind2=" ">
    <subfield code="a">Demare, Sheila Rogers</subfield>
  </datafield>
  <datafield tag="670" ind1=" " ind2=" ">
    <subfield code="a">Tourette syndrome, 2018:</subfield>
    <subfield code="b">title page (Sheila Rogers DeMare) page 4 of cover (Sheila Rogers DeMare is a leader in the field of integrative therapies for neuropsychiatric disorders; founder and director of the international nonprofit organization Association for Comprehensive NeuroTherapy)</subfield>
  </datafield>
</record>