
<record>
  <leader>01380nz  a2200217n  4500</leader>
  <controlfield tag="001">11256920</controlfield>
  <controlfield tag="003">DLC</controlfield>
  <controlfield tag="005">20200101073006.0</controlfield>
  <controlfield tag="008">191231n| azannaabn          |b ana     c</controlfield>
  <datafield tag="010" ind1=" " ind2=" ">
    <subfield code="a">no2019191466</subfield>
  </datafield>
  <datafield tag="035" ind1=" " ind2=" ">
    <subfield code="a">(OCoLC)oca12664267</subfield>
  </datafield>
  <datafield tag="040" ind1=" " ind2=" ">
    <subfield code="a">ICrlF</subfield>
    <subfield code="b">eng</subfield>
    <subfield code="e">rda</subfield>
    <subfield code="c">ICrlF</subfield>
  </datafield>
  <datafield tag="130" ind1=" " ind2="0">
    <subfield code="a">Kingdom Hearts X (Video game)</subfield>
  </datafield>
  <datafield tag="380" ind1=" " ind2=" ">
    <subfield code="a">Video games</subfield>
    <subfield code="2">lcsh</subfield>
  </datafield>
  <datafield tag="430" ind1=" " ind2="0">
    <subfield code="a">Kingdom Hearts χ [chi] (Video game)</subfield>
  </datafield>
  <datafield tag="430" ind1=" " ind2="0">
    <subfield code="a">Kingudamu hātsu  ki (Video game)</subfield>
  </datafield>
  <datafield tag="430" ind1=" " ind2="0">
    <subfield code="a">キングダム ハーツ キ(Video game)</subfield>
  </datafield>
  <datafield tag="667" ind1=" " ind2=" ">
    <subfield code="a">Non-Latin script reference not evaluated.</subfield>
  </datafield>
  <datafield tag="670" ind1=" " ind2=" ">
    <subfield code="a">Kanemaki, Tomoko. Kingdom hearts X (chi), 2019:</subfield>
    <subfield code="b">title page (Kingdom Hearts X (chi)) title page verso (&quot;characters from Final Fantasy video game series&quot;)</subfield>
  </datafield>
  <datafield tag="670" ind1=" " ind2=" ">
    <subfield code="a">Wikipedia, Dec. 31, 2019 :</subfield>
    <subfield code="b">(&quot;Kingdom Hearts χ ...  stylized as Kingdom Hearts χ[chi], is a Japanese role-playing browser game developed by Nomura, SENA, and published by Square Enix for web browsers as the eighth installment in the Kingdom Hearts series ... Kingdom Hearts χ is a role-playing video game set in the universe of Kingdom Hearts which includes original characters and locations as well as ones from Disney and Final Fantasy media properties.&quot;  キングダム ハーツ キー Kingudamu Hātsu Kī)</subfield>
  </datafield>
  <datafield tag="670" ind1=" " ind2=" ">
    <subfield code="a">Google translate, Dec. 31, 2019 :</subfield>
    <subfield code="b">(キングダム ハーツ キー Kingudamu Hātsu Kī= Kingdom Hearts Ki)</subfield>
  </datafield>
</record>