
<record>
  <leader>01164nz  a2200217n  4500</leader>
  <controlfield tag="001">11256921</controlfield>
  <controlfield tag="003">DLC</controlfield>
  <controlfield tag="005">20200101073006.0</controlfield>
  <controlfield tag="008">191231n| azannaabn          |n aaa     c</controlfield>
  <datafield tag="010" ind1=" " ind2=" ">
    <subfield code="a">no2019191467</subfield>
  </datafield>
  <datafield tag="035" ind1=" " ind2=" ">
    <subfield code="a">(OCoLC)oca12664268</subfield>
  </datafield>
  <datafield tag="040" ind1=" " ind2=" ">
    <subfield code="a">ICrlF</subfield>
    <subfield code="b">eng</subfield>
    <subfield code="e">rda</subfield>
    <subfield code="c">ICrlF</subfield>
  </datafield>
  <datafield tag="100" ind1="1" ind2=" ">
    <subfield code="a">Luvinga, Wende</subfield>
  </datafield>
  <datafield tag="370" ind1=" " ind2=" ">
    <subfield code="e">Tanzania</subfield>
    <subfield code="e">Helsinki (Finland)</subfield>
    <subfield code="2">naf</subfield>
  </datafield>
  <datafield tag="372" ind1=" " ind2=" ">
    <subfield code="a">Children&apos;s literature</subfield>
    <subfield code="2">lcsh</subfield>
  </datafield>
  <datafield tag="374" ind1=" " ind2=" ">
    <subfield code="a">Authors</subfield>
    <subfield code="2">lcsh</subfield>
  </datafield>
  <datafield tag="375" ind1=" " ind2=" ">
    <subfield code="a">Females</subfield>
    <subfield code="2">lcdgt</subfield>
  </datafield>
  <datafield tag="377" ind1=" " ind2=" ">
    <subfield code="a">eng</subfield>
    <subfield code="a">fin</subfield>
    <subfield code="a">swa</subfield>
  </datafield>
  <datafield tag="670" ind1=" " ind2=" ">
    <subfield code="a">Luvinga, Wende. Hamisi Mjusi Mlalamishi, 2017:</subfield>
    <subfield code="b">title page (Wende Luvinga)</subfield>
  </datafield>
  <datafield tag="670" ind1=" " ind2=" ">
    <subfield code="a">Think Africa website, Dec. 30, 2019 :</subfield>
    <subfield code="b">(&quot;Wende Luvinga, a Tanzanian living in Finland, has shown that it is possible to make her dream of writing children stories come true. So far she has published two books, one in English and the other in Kiswahili ... I write contemporary Children&apos;s stories inspired by African proverbs and folktales. I write animal stories with human characters...&quot;)</subfield>
  </datafield>
  <datafield tag="670" ind1=" " ind2=" ">
    <subfield code="a">LinkedIn website, Dec. 30, 2019 :</subfield>
    <subfield code="b">(Wende Luvinga ; &quot;International multidisciplinary professional with experience in business development, client and team management.&quot; Helsinki, Finland)</subfield>
  </datafield>
</record>