
<record>
  <leader>00612nz  a2200169n  4500</leader>
  <controlfield tag="001">11256922</controlfield>
  <controlfield tag="003">DLC</controlfield>
  <controlfield tag="005">20200101073006.0</controlfield>
  <controlfield tag="008">191231n| azannaabn          |n aaa      </controlfield>
  <datafield tag="010" ind1=" " ind2=" ">
    <subfield code="a">no2019191468</subfield>
  </datafield>
  <datafield tag="035" ind1=" " ind2=" ">
    <subfield code="a">(OCoLC)oca12664269</subfield>
  </datafield>
  <datafield tag="040" ind1=" " ind2=" ">
    <subfield code="a">DNAL</subfield>
    <subfield code="b">eng</subfield>
    <subfield code="e">rda</subfield>
    <subfield code="c">DNAL</subfield>
  </datafield>
  <datafield tag="100" ind1="1" ind2=" ">
    <subfield code="a">Wu, Qiang-Sheng</subfield>
  </datafield>
  <datafield tag="370" ind1=" " ind2=" ">
    <subfield code="c">China</subfield>
    <subfield code="f">Hubei Sheng (China)</subfield>
    <subfield code="2">naf</subfield>
  </datafield>
  <datafield tag="372" ind1=" " ind2=" ">
    <subfield code="a">Horticulture</subfield>
    <subfield code="2">lcsh</subfield>
  </datafield>
  <datafield tag="373" ind1=" " ind2=" ">
    <subfield code="a">Chang Jiang da xue</subfield>
    <subfield code="2">naf</subfield>
  </datafield>
  <datafield tag="670" ind1=" " ind2=" ">
    <subfield code="a">Plant growth regulators (PGRS): types, uses and safety, 2019:</subfield>
    <subfield code="b">CIP data view (Qiang-Sheng Wu; College of Horticulture and Gardening, Yangtze University, Jingzhou City, Hubei Province, P.R.China)</subfield>
  </datafield>
</record>