
<record>
  <leader>01360nz  a2200157n  4500</leader>
  <controlfield tag="001">11256923</controlfield>
  <controlfield tag="003">DLC</controlfield>
  <controlfield tag="005">20200101073006.0</controlfield>
  <controlfield tag="008">191231n| azannaabn          |b ana     c</controlfield>
  <datafield tag="010" ind1=" " ind2=" ">
    <subfield code="a">no2019191469</subfield>
  </datafield>
  <datafield tag="035" ind1=" " ind2=" ">
    <subfield code="a">(OCoLC)oca12664270</subfield>
  </datafield>
  <datafield tag="040" ind1=" " ind2=" ">
    <subfield code="a">ICU</subfield>
    <subfield code="b">eng</subfield>
    <subfield code="e">rda</subfield>
    <subfield code="c">ICU</subfield>
  </datafield>
  <datafield tag="111" ind1="2" ind2=" ">
    <subfield code="a">Mezhregionalʹnai︠a︡ nauchno-prakticheskai︠a︡ konferent︠s︡ii︠a︡ &quot;Pravovoe gosudarstvo i grazhdanskoe obshchestvo: sostoi︠a︡nie i perspektivy&quot;</subfield>
    <subfield code="d">(2013 :</subfield>
    <subfield code="c">Ivanovo, Ivanovskai︠a︡ oblastʹ, Russia)</subfield>
  </datafield>
  <datafield tag="411" ind1="2" ind2=" ">
    <subfield code="a">Межрегиональная научно-практическая конференция &quot;Правовое государство и гражданское общество: состояние и перспективы&quot;</subfield>
    <subfield code="d">(2013 :</subfield>
    <subfield code="c">Иваново, Ивановская область, Russia)</subfield>
  </datafield>
  <datafield tag="667" ind1=" " ind2=" ">
    <subfield code="a">Non-Latin script reference not evaluated.</subfield>
  </datafield>
  <datafield tag="670" ind1=" " ind2=" ">
    <subfield code="a">Pravovoe gosudarstvo i grazhdanskoe obshchestvo, 2013:</subfield>
    <subfield code="b">title page verso (Межрегиональная научно-практическая конференция &quot;Правовое государство и гражданское общество: состояние и перспективы&quot; = Mezhregionalʹnai︠a︡ nauchno-prakticheskai︠a︡ konferent︠s︡ii︠a︡ &quot;Pravovoe gosudarstvo i grazhdanskoe obshchestvo: sostoi︠a︡nie i perspektivy&quot;, held in Ivanovo, December 6-7, 2013)</subfield>
  </datafield>
</record>