
<record>
  <leader>00861nz  a2200205n  4500</leader>
  <controlfield tag="001">11256926</controlfield>
  <controlfield tag="003">DLC</controlfield>
  <controlfield tag="005">20200101073007.0</controlfield>
  <controlfield tag="008">191231n| azannaabn          |a aaa     c</controlfield>
  <datafield tag="010" ind1=" " ind2=" ">
    <subfield code="a">no2019191474</subfield>
  </datafield>
  <datafield tag="035" ind1=" " ind2=" ">
    <subfield code="a">(OCoLC)oca12664275</subfield>
  </datafield>
  <datafield tag="040" ind1=" " ind2=" ">
    <subfield code="a">NN-MUS</subfield>
    <subfield code="b">eng</subfield>
    <subfield code="e">rda</subfield>
    <subfield code="c">NN-MUS</subfield>
  </datafield>
  <datafield tag="046" ind1=" " ind2=" ">
    <subfield code="k">1926</subfield>
    <subfield code="2">edtf</subfield>
  </datafield>
  <datafield tag="100" ind1="1" ind2=" ">
    <subfield code="a">Bennett, Robert Russell,</subfield>
    <subfield code="d">1894-1981.</subfield>
    <subfield code="t">Chaucer songs</subfield>
  </datafield>
  <datafield tag="380" ind1=" " ind2=" ">
    <subfield code="a">Songs</subfield>
    <subfield code="a">Chamber music</subfield>
    <subfield code="a">Musical settings</subfield>
    <subfield code="2">lcgft</subfield>
  </datafield>
  <datafield tag="382" ind1="0" ind2=" ">
    <subfield code="b">soprano voice</subfield>
    <subfield code="n">1</subfield>
    <subfield code="a">violin</subfield>
    <subfield code="n">2</subfield>
    <subfield code="a">viola</subfield>
    <subfield code="n">1</subfield>
    <subfield code="a">cello</subfield>
    <subfield code="n">1</subfield>
    <subfield code="s">5</subfield>
    <subfield code="2">lcmpt</subfield>
  </datafield>
  <datafield tag="400" ind1="1" ind2=" ">
    <subfield code="a">Bennett, Robert Russell,</subfield>
    <subfield code="d">1894-1981.</subfield>
    <subfield code="t">Three Chaucer songs</subfield>
  </datafield>
  <datafield tag="400" ind1="1" ind2=" ">
    <subfield code="a">Bennett, Robert Russell,</subfield>
    <subfield code="d">1894-1981.</subfield>
    <subfield code="t">3 Chaucer songs</subfield>
  </datafield>
  <datafield tag="400" ind1="1" ind2=" ">
    <subfield code="a">Bennett, Robert Russell,</subfield>
    <subfield code="d">1894-1981.</subfield>
    <subfield code="t">Merciless beauty</subfield>
  </datafield>
  <datafield tag="670" ind1=" " ind2=" ">
    <subfield code="a">Bennett, Robert Russell. Three Chaucer songs, [2018]:</subfield>
    <subfield code="b">title page (Three Chaucer songs : (1926) : Merciless beauty : for soprano and string quartet)</subfield>
  </datafield>
</record>