
<record>
  <leader>00467nz  a2200169n  4500</leader>
  <controlfield tag="001">11256927</controlfield>
  <controlfield tag="003">DLC</controlfield>
  <controlfield tag="005">20200101073007.0</controlfield>
  <controlfield tag="008">191231n| azannaabn          |n aaa     c</controlfield>
  <datafield tag="010" ind1=" " ind2=" ">
    <subfield code="a">no2019191475</subfield>
  </datafield>
  <datafield tag="035" ind1=" " ind2=" ">
    <subfield code="a">(OCoLC)oca12664276</subfield>
  </datafield>
  <datafield tag="040" ind1=" " ind2=" ">
    <subfield code="a">ICrlF</subfield>
    <subfield code="b">eng</subfield>
    <subfield code="e">rda</subfield>
    <subfield code="c">ICrlF</subfield>
  </datafield>
  <datafield tag="046" ind1=" " ind2=" ">
    <subfield code="k">2019</subfield>
    <subfield code="2">edtf</subfield>
  </datafield>
  <datafield tag="100" ind1="1" ind2=" ">
    <subfield code="a">Stack, Stevie.</subfield>
    <subfield code="t">Mulan.</subfield>
    <subfield code="l">Spanish</subfield>
  </datafield>
  <datafield tag="377" ind1=" " ind2=" ">
    <subfield code="a">spa</subfield>
  </datafield>
  <datafield tag="381" ind1=" " ind2=" ">
    <subfield code="a">Collado Píriz</subfield>
  </datafield>
  <datafield tag="670" ind1=" " ind2=" ">
    <subfield code="a">Stack, Stevie. Mulan, ©2019 :</subfield>
    <subfield code="b">t.p. (translation by Laura Collado Píriz)</subfield>
  </datafield>
</record>