
<record>
  <leader>00486nz  a2200145n  4500</leader>
  <controlfield tag="001">11256928</controlfield>
  <controlfield tag="003">DLC</controlfield>
  <controlfield tag="005">20200101073007.0</controlfield>
  <controlfield tag="008">191231n| azannaabn          |n ana     c</controlfield>
  <datafield tag="010" ind1=" " ind2=" ">
    <subfield code="a">no2019191476</subfield>
  </datafield>
  <datafield tag="035" ind1=" " ind2=" ">
    <subfield code="a">(OCoLC)oca12664277</subfield>
  </datafield>
  <datafield tag="040" ind1=" " ind2=" ">
    <subfield code="a">Vi</subfield>
    <subfield code="b">eng</subfield>
    <subfield code="e">rda</subfield>
    <subfield code="c">Vi</subfield>
  </datafield>
  <datafield tag="110" ind1="2" ind2=" ">
    <subfield code="a">Virginia Administrative Support Association</subfield>
  </datafield>
  <datafield tag="370" ind1=" " ind2=" ">
    <subfield code="c">United States</subfield>
    <subfield code="e">Richmond (Va.)</subfield>
    <subfield code="2">naf</subfield>
  </datafield>
  <datafield tag="670" ind1=" " ind2=" ">
    <subfield code="a">A taste of VASA, 2010:</subfield>
    <subfield code="b">title page (Virginia Administrative Support Association, P.O. Box 27144, Richmond, VA 23261)</subfield>
  </datafield>
</record>