
<record>
  <leader>01273nz  a2200181n  4500</leader>
  <controlfield tag="001">11256933</controlfield>
  <controlfield tag="003">DLC</controlfield>
  <controlfield tag="005">20200101073007.0</controlfield>
  <controlfield tag="008">191231n| azannaabn          |b ana     c</controlfield>
  <datafield tag="010" ind1=" " ind2=" ">
    <subfield code="a">no2019191485</subfield>
  </datafield>
  <datafield tag="035" ind1=" " ind2=" ">
    <subfield code="a">(OCoLC)oca12664286</subfield>
  </datafield>
  <datafield tag="040" ind1=" " ind2=" ">
    <subfield code="a">ICU</subfield>
    <subfield code="b">eng</subfield>
    <subfield code="e">rda</subfield>
    <subfield code="c">ICU</subfield>
  </datafield>
  <datafield tag="111" ind1="2" ind2=" ">
    <subfield code="a">Mezhdunarodnai︠a︡ nauchnai︠a︡ konferent︠s︡ii︠a︡ &quot;Pisʹmennostʹ i kulʹtura slavi︠a︡nskogo mira&quot;</subfield>
  </datafield>
  <datafield tag="411" ind1="2" ind2=" ">
    <subfield code="a">Международная научная конференция &quot;Письменность и культура славянского мира&quot;</subfield>
  </datafield>
  <datafield tag="411" ind1="2" ind2=" ">
    <subfield code="a">Konferent︠s︡ii︠a︡ &quot;Pisʹmennostʹ i kulʹtura slavi︠a︡nskogo mira&quot;, Mezhdunarodnai︠a︡ nauchnai︠a︡</subfield>
  </datafield>
  <datafield tag="667" ind1=" " ind2=" ">
    <subfield code="a">See also related access points for individual instances of this conference which include specific information about the number, date, or place of the individual conference.</subfield>
  </datafield>
  <datafield tag="667" ind1=" " ind2=" ">
    <subfield code="a">Non-Latin script reference not evaluated.</subfield>
  </datafield>
  <datafield tag="670" ind1=" " ind2=" ">
    <subfield code="a">Slavi︠a︡nskiĭ mir, pisʹmennostʹ, kulʹtura, istorii︠a︡, 2014:</subfield>
    <subfield code="b">title page ( ... Международной научной конференции &quot;Письменность и культура славянского мира&quot; = Mezhdunarodnoĭ nauchnoĭ konferent︠s︡ii &quot;Pisʹmennostʹ i kulʹtura slavi︠a︡nskogo mira&quot;)</subfield>
  </datafield>
</record>