
<record>
  <leader>00653nz  a2200181n  4500</leader>
  <controlfield tag="001">11256934</controlfield>
  <controlfield tag="003">DLC</controlfield>
  <controlfield tag="005">20200101073007.0</controlfield>
  <controlfield tag="008">191231n| azannaabn          |n ana     c</controlfield>
  <datafield tag="010" ind1=" " ind2=" ">
    <subfield code="a">no2019191486</subfield>
  </datafield>
  <datafield tag="034" ind1=" " ind2=" ">
    <subfield code="d">W79.3078155</subfield>
    <subfield code="e">W79.3078155</subfield>
    <subfield code="f">N38.2701264</subfield>
    <subfield code="g">N38.2701264</subfield>
    <subfield code="2">gnis</subfield>
  </datafield>
  <datafield tag="035" ind1=" " ind2=" ">
    <subfield code="a">(OCoLC)oca12664287</subfield>
  </datafield>
  <datafield tag="040" ind1=" " ind2=" ">
    <subfield code="a">Vi</subfield>
    <subfield code="b">eng</subfield>
    <subfield code="e">rda</subfield>
    <subfield code="c">Vi</subfield>
  </datafield>
  <datafield tag="043" ind1=" " ind2=" ">
    <subfield code="a">n-us-va</subfield>
  </datafield>
  <datafield tag="151" ind1=" " ind2=" ">
    <subfield code="a">West Augusta (Va.)</subfield>
  </datafield>
  <datafield tag="670" ind1=" " ind2=" ">
    <subfield code="a">Second addition Shenandoah Valley cook book, 1977:</subfield>
    <subfield code="b">page 6 (West Augusta, Virginia 24485)</subfield>
  </datafield>
  <datafield tag="670" ind1=" " ind2=" ">
    <subfield code="a">GNIS, Dec. 31, 2019</subfield>
    <subfield code="b">(West Augusta; populated place; Augusta County, Va.; 38.2701264N, 79.3078155W; variant: Lebanon)</subfield>
  </datafield>
  <datafield tag="781" ind1=" " ind2="0">
    <subfield code="z">Virginia</subfield>
    <subfield code="z">West Augusta</subfield>
  </datafield>
</record>