
<record>
  <leader>00871nz  a2200205n  4500</leader>
  <controlfield tag="001">11256939</controlfield>
  <controlfield tag="003">DLC</controlfield>
  <controlfield tag="005">20200101073007.0</controlfield>
  <controlfield tag="008">191230n| azannaabn          |n aaa     c</controlfield>
  <datafield tag="010" ind1=" " ind2=" ">
    <subfield code="a">no2019191494</subfield>
  </datafield>
  <datafield tag="035" ind1=" " ind2=" ">
    <subfield code="a">(OCoLC)oca12664295</subfield>
  </datafield>
  <datafield tag="040" ind1=" " ind2=" ">
    <subfield code="a">WaBeW</subfield>
    <subfield code="b">eng</subfield>
    <subfield code="e">rda</subfield>
    <subfield code="c">WaBeW</subfield>
  </datafield>
  <datafield tag="100" ind1="1" ind2=" ">
    <subfield code="a">Govoni, David L.</subfield>
  </datafield>
  <datafield tag="370" ind1=" " ind2=" ">
    <subfield code="f">Washington (D.C.)</subfield>
    <subfield code="2">naf</subfield>
  </datafield>
  <datafield tag="373" ind1=" " ind2=" ">
    <subfield code="a">Geological Survey (U.S.)</subfield>
    <subfield code="2">naf</subfield>
  </datafield>
  <datafield tag="374" ind1=" " ind2=" ">
    <subfield code="a">Information scientists</subfield>
    <subfield code="2">lcsh</subfield>
  </datafield>
  <datafield tag="378" ind1=" " ind2=" ">
    <subfield code="q">David Laurence</subfield>
  </datafield>
  <datafield tag="670" ind1=" " ind2=" ">
    <subfield code="a">The United States Geological Survey science data lifecycle model, 2013:</subfield>
    <subfield code="b">title page (David L. Govoni)</subfield>
  </datafield>
  <datafield tag="670" ind1=" " ind2=" ">
    <subfield code="a">LinkedIn.com, December 30, 2019:</subfield>
    <subfield code="b">David Govoni (physical scientist (information) with the United States Geological Survey; professionally based in Washington D.C.)</subfield>
    <subfield code="u">https://www.linkedin.com/in/davidgovoni/</subfield>
  </datafield>
  <datafield tag="670" ind1=" " ind2=" ">
    <subfield code="a">OCLC, December 30, 2019</subfield>
    <subfield code="b">(usage: David L. Govoni, David Laurence Govoni)</subfield>
  </datafield>
</record>