
<record>
  <leader>00941nz  a2200193n  4500</leader>
  <controlfield tag="001">11256942</controlfield>
  <controlfield tag="003">DLC</controlfield>
  <controlfield tag="005">20200101073007.0</controlfield>
  <controlfield tag="008">191231n| azannaabn          |a ana     c</controlfield>
  <datafield tag="010" ind1=" " ind2=" ">
    <subfield code="a">no2019191497</subfield>
  </datafield>
  <datafield tag="035" ind1=" " ind2=" ">
    <subfield code="a">(OCoLC)oca12664298</subfield>
  </datafield>
  <datafield tag="040" ind1=" " ind2=" ">
    <subfield code="a">WaU</subfield>
    <subfield code="b">eng</subfield>
    <subfield code="e">rda</subfield>
    <subfield code="c">WaU</subfield>
  </datafield>
  <datafield tag="110" ind1="2" ind2=" ">
    <subfield code="a">Asian Organization for Crohn&apos;s &amp; Colitis</subfield>
  </datafield>
  <datafield tag="370" ind1=" " ind2=" ">
    <subfield code="c">Japan</subfield>
    <subfield code="e">Tokyo (Japan)</subfield>
    <subfield code="2">naf</subfield>
  </datafield>
  <datafield tag="410" ind1="2" ind2=" ">
    <subfield code="a">Asian Organization for Crohn&apos;s and Colitis</subfield>
  </datafield>
  <datafield tag="410" ind1="2" ind2=" ">
    <subfield code="a">AOCC</subfield>
  </datafield>
  <datafield tag="670" ind1=" " ind2=" ">
    <subfield code="a">Instestinal research website, December 31, 2019:</subfield>
    <subfield code="b">journal home page (Asian Organization for Crohn&apos;s and Colitis; AOCC; Asian Organization for Crohn&apos;s &amp; Colitis)</subfield>
  </datafield>
  <datafield tag="670" ind1=" " ind2=" ">
    <subfield code="a">Its website, December 31, 2019:</subfield>
    <subfield code="b">home page (Asian Organization for Crohn&apos;s &amp; Colitis; AOCC; Tokyo, Japan)</subfield>
    <subfield code="u">https://aocc-ibd.org</subfield>
  </datafield>
  <datafield tag="670" ind1=" " ind2=" ">
    <subfield code="a">National Library of the Czech Republic in VIAF, December 31, 2019:</subfield>
    <subfield code="b">heading (Asian Organization for Crohn&apos;s &amp; Colitis) references (Asian Organization for Crohn&apos;s and Colitis; AOCC)</subfield>
  </datafield>
</record>