
<record>
  <leader>00865nz  a2200205n  4500</leader>
  <controlfield tag="001">11256948</controlfield>
  <controlfield tag="003">DLC</controlfield>
  <controlfield tag="005">20200101073007.0</controlfield>
  <controlfield tag="008">191231n| azannaabn          |b aaa     c</controlfield>
  <datafield tag="010" ind1=" " ind2=" ">
    <subfield code="a">no2019191508</subfield>
  </datafield>
  <datafield tag="035" ind1=" " ind2=" ">
    <subfield code="a">(OCoLC)oca12664309</subfield>
  </datafield>
  <datafield tag="040" ind1=" " ind2=" ">
    <subfield code="a">ICU</subfield>
    <subfield code="b">eng</subfield>
    <subfield code="e">rda</subfield>
    <subfield code="c">ICU</subfield>
  </datafield>
  <datafield tag="100" ind1="1" ind2=" ">
    <subfield code="a">Ivanov, Sergeĭ</subfield>
    <subfield code="q">(Sergeĭ Valentinovich)</subfield>
  </datafield>
  <datafield tag="377" ind1=" " ind2=" ">
    <subfield code="a">rus</subfield>
    <subfield code="a">ger</subfield>
  </datafield>
  <datafield tag="400" ind1="1" ind2=" ">
    <subfield code="a">Иванов, Сергей</subfield>
    <subfield code="q">(Сергей Валентинович)</subfield>
  </datafield>
  <datafield tag="400" ind1="1" ind2=" ">
    <subfield code="a">Ivanov, Sergey V.</subfield>
  </datafield>
  <datafield tag="400" ind1="1" ind2=" ">
    <subfield code="a">Ivanov, S. V.</subfield>
    <subfield code="q">(Sergeĭ Valentinovich)</subfield>
  </datafield>
  <datafield tag="400" ind1="1" ind2=" ">
    <subfield code="a">Ivanov, Sergeĭ Valentinovich</subfield>
  </datafield>
  <datafield tag="667" ind1=" " ind2=" ">
    <subfield code="a">Non-Latin script reference not evaluated.</subfield>
  </datafield>
  <datafield tag="670" ind1=" " ind2=" ">
    <subfield code="a">Russkiĭ perevod nemet︠s︡kogo &quot;Skazanii︠a︡ ob antikhriste&quot;, 2018:</subfield>
    <subfield code="b">title page (Сергей Иванов = Sergeĭ Ivanov) added title page (Sergey V. Ivanov) title page verso (Ivanov S. V.) colophon (Sergeĭ Valentinovich Ivanov)</subfield>
  </datafield>
</record>