
<record>
  <leader>01841nz  a2200301n  4500</leader>
  <controlfield tag="001">11256949</controlfield>
  <controlfield tag="003">DLC</controlfield>
  <controlfield tag="005">20200101073007.0</controlfield>
  <controlfield tag="008">191231n| azannaabn          |a ana     c</controlfield>
  <datafield tag="010" ind1=" " ind2=" ">
    <subfield code="a">no2019191509</subfield>
  </datafield>
  <datafield tag="034" ind1=" " ind2=" ">
    <subfield code="d">W1193843</subfield>
    <subfield code="e">W1193843</subfield>
    <subfield code="f">N392428</subfield>
    <subfield code="g">N392428</subfield>
    <subfield code="2">gnis</subfield>
  </datafield>
  <datafield tag="035" ind1=" " ind2=" ">
    <subfield code="a">(OCoLC)oca12664310</subfield>
  </datafield>
  <datafield tag="040" ind1=" " ind2=" ">
    <subfield code="a">NvU</subfield>
    <subfield code="b">eng</subfield>
    <subfield code="e">rda</subfield>
    <subfield code="c">NvU</subfield>
  </datafield>
  <datafield tag="043" ind1=" " ind2=" ">
    <subfield code="a">n-us-nv</subfield>
  </datafield>
  <datafield tag="046" ind1=" " ind2=" ">
    <subfield code="s">1859</subfield>
    <subfield code="2">edtf</subfield>
  </datafield>
  <datafield tag="151" ind1=" " ind2=" ">
    <subfield code="a">Castle Peak Mining District (Nev.)</subfield>
  </datafield>
  <datafield tag="368" ind1=" " ind2=" ">
    <subfield code="b">Mining districts</subfield>
    <subfield code="2">lcsh</subfield>
  </datafield>
  <datafield tag="370" ind1=" " ind2=" ">
    <subfield code="e">Storey County (Nev.)</subfield>
    <subfield code="2">naf</subfield>
  </datafield>
  <datafield tag="370" ind1=" " ind2=" ">
    <subfield code="e">Washoe County (Nev.)</subfield>
    <subfield code="2">naf</subfield>
  </datafield>
  <datafield tag="372" ind1=" " ind2=" ">
    <subfield code="a">Mineral industries</subfield>
    <subfield code="2">lcsh</subfield>
  </datafield>
  <datafield tag="451" ind1=" " ind2=" ">
    <subfield code="a">Castle Mining District (Nev.)</subfield>
  </datafield>
  <datafield tag="451" ind1=" " ind2=" ">
    <subfield code="a">Aqua Frio Mining District (Nev.)</subfield>
  </datafield>
  <datafield tag="451" ind1=" " ind2=" ">
    <subfield code="a">Washington Mining District (Nev.)</subfield>
  </datafield>
  <datafield tag="451" ind1=" " ind2=" ">
    <subfield code="a">Alum Canyon Mining District (Nev.)</subfield>
  </datafield>
  <datafield tag="451" ind1=" " ind2=" ">
    <subfield code="a">Red Mountain Mining District (Storey County, Nev.)</subfield>
  </datafield>
  <datafield tag="670" ind1=" " ind2=" ">
    <subfield code="a">GNIS viewed 19 December 2019</subfield>
    <subfield code="b">(Castle Peak Mining District, Storey County Nevada, 39.4076901 ; - 119.6451816 ; 392428N ; 1193843W, variant name:  Red Mountain Mining District)</subfield>
  </datafield>
  <datafield tag="670" ind1=" " ind2=" ">
    <subfield code="a">Tingley, Joseph V. Mining districts of Nevada, 1992 :</subfield>
    <subfield code="b">page 19 (Located in Storey and Washoe counties.  Other names:  Aqua Frio, Castle, Red Mountain, Washington, Alum Canyon.  Organized:  1859.  Commodity:  mercury.  Located in the Virginia Range, south of the Truckee River about 12 miles from Virginia City.  Red Mountain, north of Castle Peak, was formerly considered to be a separate district.  The Territorial Enterprise (1859) described an Aqua Frio district organized in December 1859 in this general area.  The Washington district, according to Gold Hill News (1865), was located in the Washington Hill area.  The Alum Canyon district (1863) included the foot of Geiger Grade.  All of these areas are now included in Castle Peak district.)</subfield>
  </datafield>
  <datafield tag="781" ind1=" " ind2="0">
    <subfield code="z">Nevada</subfield>
    <subfield code="z">Castle Peak Mining District</subfield>
  </datafield>
</record>