
<record>
  <leader>00987nz  a2200241n  4500</leader>
  <controlfield tag="001">11256950</controlfield>
  <controlfield tag="003">DLC</controlfield>
  <controlfield tag="005">20200101073008.0</controlfield>
  <controlfield tag="008">191231n| azannaabn          |a aaa     c</controlfield>
  <datafield tag="010" ind1=" " ind2=" ">
    <subfield code="a">no2019191512</subfield>
  </datafield>
  <datafield tag="035" ind1=" " ind2=" ">
    <subfield code="a">(OCoLC)oca12664313</subfield>
  </datafield>
  <datafield tag="040" ind1=" " ind2=" ">
    <subfield code="a">NjP</subfield>
    <subfield code="b">eng</subfield>
    <subfield code="e">rda</subfield>
    <subfield code="c">NjP</subfield>
  </datafield>
  <datafield tag="046" ind1=" " ind2=" ">
    <subfield code="g">1571-04</subfield>
    <subfield code="2">edtf</subfield>
  </datafield>
  <datafield tag="100" ind1="0" ind2=" ">
    <subfield code="a">Fevrî,</subfield>
    <subfield code="d">- 1571</subfield>
  </datafield>
  <datafield tag="370" ind1=" " ind2=" ">
    <subfield code="a">Durrës (Albania)</subfield>
    <subfield code="b">Damascus (Syria)</subfield>
    <subfield code="2">naf</subfield>
  </datafield>
  <datafield tag="375" ind1=" " ind2=" ">
    <subfield code="a">Males</subfield>
    <subfield code="2">lcdgt</subfield>
  </datafield>
  <datafield tag="377" ind1=" " ind2=" ">
    <subfield code="a">ota</subfield>
  </datafield>
  <datafield tag="400" ind1="0" ind2=" ">
    <subfield code="a">Fevrî Ahmed Efendi,</subfield>
    <subfield code="d">- 1571</subfield>
  </datafield>
  <datafield tag="400" ind1="0" ind2=" ">
    <subfield code="a">Fevrî,  Abdullahoğlu Ahmed,</subfield>
    <subfield code="d">- 1571</subfield>
  </datafield>
  <datafield tag="400" ind1="0" ind2=" ">
    <subfield code="a">Abdullahoğlu Ahmed Fevrî,</subfield>
    <subfield code="d">- 1571</subfield>
  </datafield>
  <datafield tag="670" ind1=" " ind2=" ">
    <subfield code="a">Ahlâk-ı Mehmed Paşa, 2019:</subfield>
    <subfield code="b">t.p. (Fevrî) page 40 (Fevrî Ahmed Efendi, of Hırat [Croatian] origin, died April 1571 in Şam)</subfield>
  </datafield>
  <datafield tag="670" ind1=" " ind2=" ">
    <subfield code="a">Büyük lugat ve ansik.</subfield>
    <subfield code="b">(Fevrî (Abdullahoğlu Ahmed), of Arnavut [Albanian] Christian origin who later converted to islam, divan poet, died 1570 in Şam)</subfield>
  </datafield>
  <datafield tag="670" ind1=" " ind2=" ">
    <subfield code="a">Türk ansik.</subfield>
    <subfield code="b">(Fevrî, Abdullahoğlu Ahmet, born in Draç, died 1570)</subfield>
  </datafield>
</record>