
<record>
  <leader>01356nz  a2200265n  4500</leader>
  <controlfield tag="001">11256952</controlfield>
  <controlfield tag="003">DLC</controlfield>
  <controlfield tag="005">20200101073008.0</controlfield>
  <controlfield tag="008">191231n| azannaabn          |a aaa     c</controlfield>
  <datafield tag="010" ind1=" " ind2=" ">
    <subfield code="a">no2019191514</subfield>
  </datafield>
  <datafield tag="035" ind1=" " ind2=" ">
    <subfield code="a">(OCoLC)oca12664315</subfield>
  </datafield>
  <datafield tag="040" ind1=" " ind2=" ">
    <subfield code="a">N</subfield>
    <subfield code="b">eng</subfield>
    <subfield code="e">rda</subfield>
    <subfield code="c">N</subfield>
  </datafield>
  <datafield tag="046" ind1=" " ind2=" ">
    <subfield code="s">1951-12-22</subfield>
    <subfield code="2">edtf</subfield>
  </datafield>
  <datafield tag="100" ind1="1" ind2=" ">
    <subfield code="a">Peoples-Stokes, Crystal D.,</subfield>
    <subfield code="d">1951-</subfield>
  </datafield>
  <datafield tag="370" ind1=" " ind2=" ">
    <subfield code="e">Buffalo (N.Y.)</subfield>
    <subfield code="2">naf</subfield>
  </datafield>
  <datafield tag="373" ind1=" " ind2=" ">
    <subfield code="a">Erie County (N.Y.). Legislature</subfield>
    <subfield code="2">naf</subfield>
    <subfield code="s">1993</subfield>
    <subfield code="t">2002</subfield>
  </datafield>
  <datafield tag="373" ind1=" " ind2=" ">
    <subfield code="a">New York (State). Legislature. Assembly</subfield>
    <subfield code="2">naf</subfield>
    <subfield code="s">2003</subfield>
  </datafield>
  <datafield tag="374" ind1=" " ind2=" ">
    <subfield code="a">Legislators</subfield>
    <subfield code="2">lcsh</subfield>
  </datafield>
  <datafield tag="375" ind1=" " ind2=" ">
    <subfield code="a">Females</subfield>
    <subfield code="2">lcdgt</subfield>
  </datafield>
  <datafield tag="377" ind1=" " ind2=" ">
    <subfield code="a">eng</subfield>
  </datafield>
  <datafield tag="378" ind1=" " ind2=" ">
    <subfield code="q">Crystal Davis</subfield>
  </datafield>
  <datafield tag="400" ind1="1" ind2=" ">
    <subfield code="a">Peoples, Crystal D.,</subfield>
    <subfield code="d">1951-</subfield>
  </datafield>
  <datafield tag="670" ind1=" " ind2=" ">
    <subfield code="a">New York (State). Legislature. Assembly. Committee on Social Services. Hearings, June 2018:</subfield>
    <subfield code="b">page 2 (Assembly member Crystal Peoples-Stokes)</subfield>
  </datafield>
  <datafield tag="670" ind1=" " ind2=" ">
    <subfield code="a">New York red book, 2003-2004:</subfield>
    <subfield code="b">page 355 (Crystal D. Peoples ... Crystal Davis Peoples ... the first African American woman, to represent ... Assembly District located ... within the City of Buffalo); 2019, page 221 (Crystal D. Peoples-Stokes has ... served New York State&apos;s 141st Assembly district since 2003. In January 2019, ... elected to become the majority leader of the New York State Assembly)</subfield>
  </datafield>
  <datafield tag="670" ind1=" " ind2=" ">
    <subfield code="a">Wikipedia, December 31, 2019:</subfield>
    <subfield code="b">Crystal Peoples-Stokes page (Crystal Davis Peoples-Stokes (born December 22, 1951))</subfield>
  </datafield>
</record>