
<record>
  <leader>00733nz  a2200193n  4500</leader>
  <controlfield tag="001">11256953</controlfield>
  <controlfield tag="003">DLC</controlfield>
  <controlfield tag="005">20200101073008.0</controlfield>
  <controlfield tag="008">191231n| azannaabn          |b aaa     c</controlfield>
  <datafield tag="010" ind1=" " ind2=" ">
    <subfield code="a">no2019191521</subfield>
  </datafield>
  <datafield tag="035" ind1=" " ind2=" ">
    <subfield code="a">(OCoLC)oca12664322</subfield>
  </datafield>
  <datafield tag="040" ind1=" " ind2=" ">
    <subfield code="a">NjP</subfield>
    <subfield code="b">eng</subfield>
    <subfield code="e">rda</subfield>
    <subfield code="c">NjP</subfield>
  </datafield>
  <datafield tag="046" ind1=" " ind2=" ">
    <subfield code="f">[1976,1977]</subfield>
    <subfield code="2">edtf</subfield>
  </datafield>
  <datafield tag="100" ind1="1" ind2=" ">
    <subfield code="a">Ṭayyibīʹniyā, Mihrī,</subfield>
    <subfield code="d">1976 or 1977-</subfield>
  </datafield>
  <datafield tag="375" ind1=" " ind2=" ">
    <subfield code="a">Females</subfield>
    <subfield code="2">lcdgt</subfield>
  </datafield>
  <datafield tag="377" ind1=" " ind2=" ">
    <subfield code="a">per</subfield>
  </datafield>
  <datafield tag="400" ind1="1" ind2=" ">
    <subfield code="a">طيبى‌نيا، مهرى،</subfield>
    <subfield code="d">1976 or 1977-</subfield>
  </datafield>
  <datafield tag="667" ind1=" " ind2=" ">
    <subfield code="a">Non-Latin script reference not evaluated.</subfield>
  </datafield>
  <datafield tag="670" ind1=" " ind2=" ">
    <subfield code="a">Dānishgāh, huviyat va siyāsat-i zindagī-i zanān, 1396, 2017 or 2018:</subfield>
    <subfield code="b">title page (مهرى طيبى‌نيا = Mihrī Ṭayyibīʹniyā) Iranian CIP data (Ṭayyibʹniyā, Mihrī, 1355 [Sh]-)</subfield>
  </datafield>
</record>