
<record>
  <leader>00427nz  a2200133n  4500</leader>
  <controlfield tag="001">11256955</controlfield>
  <controlfield tag="003">DLC</controlfield>
  <controlfield tag="005">20200101073008.0</controlfield>
  <controlfield tag="008">191231n| azannaabn          |n aaa     c</controlfield>
  <datafield tag="010" ind1=" " ind2=" ">
    <subfield code="a">no2019191523</subfield>
  </datafield>
  <datafield tag="035" ind1=" " ind2=" ">
    <subfield code="a">(OCoLC)oca12664324</subfield>
  </datafield>
  <datafield tag="040" ind1=" " ind2=" ">
    <subfield code="a">ICU</subfield>
    <subfield code="b">eng</subfield>
    <subfield code="e">rda</subfield>
    <subfield code="c">ICU</subfield>
  </datafield>
  <datafield tag="100" ind1="1" ind2=" ">
    <subfield code="a">Kondratʹev, N. D.</subfield>
    <subfield code="q">(Nikolaĭ Dmitrievich),</subfield>
    <subfield code="d">1892-1938.</subfield>
    <subfield code="t">Correspondence.</subfield>
    <subfield code="k">Selections</subfield>
    <subfield code="s">(Ageev)</subfield>
  </datafield>
  <datafield tag="670" ind1=" " ind2=" ">
    <subfield code="a">Ageev, A. I. Suzdalʹskai︠a︡ Bastilii︠a︡, 2018.</subfield>
  </datafield>
</record>