
<record>
  <leader>01295nz  a2200217n  4500</leader>
  <controlfield tag="001">11256956</controlfield>
  <controlfield tag="003">DLC</controlfield>
  <controlfield tag="005">20200101073008.0</controlfield>
  <controlfield tag="008">191231n| azannaabn          |a ana     c</controlfield>
  <datafield tag="010" ind1=" " ind2=" ">
    <subfield code="a">no2019191524</subfield>
  </datafield>
  <datafield tag="035" ind1=" " ind2=" ">
    <subfield code="a">(OCoLC)oca12664325</subfield>
  </datafield>
  <datafield tag="040" ind1=" " ind2=" ">
    <subfield code="a">MnU</subfield>
    <subfield code="b">eng</subfield>
    <subfield code="e">rda</subfield>
    <subfield code="c">MnU</subfield>
  </datafield>
  <datafield tag="110" ind1="2" ind2=" ">
    <subfield code="a">Peck-Gandré</subfield>
  </datafield>
  <datafield tag="370" ind1=" " ind2=" ">
    <subfield code="c">United States</subfield>
    <subfield code="e">Salt Lake City (Utah)</subfield>
    <subfield code="2">naf</subfield>
  </datafield>
  <datafield tag="371" ind1=" " ind2=" ">
    <subfield code="a">4190 South State Street</subfield>
    <subfield code="b">Salt Lake City</subfield>
    <subfield code="c">Utah</subfield>
    <subfield code="d">United States</subfield>
    <subfield code="e">84107</subfield>
  </datafield>
  <datafield tag="372" ind1=" " ind2=" ">
    <subfield code="a">Paper doll making</subfield>
    <subfield code="a">Graphic arts</subfield>
    <subfield code="2">lcsh</subfield>
  </datafield>
  <datafield tag="377" ind1=" " ind2=" ">
    <subfield code="a">eng</subfield>
  </datafield>
  <datafield tag="500" ind1="1" ind2=" ">
    <subfield code="w">r</subfield>
    <subfield code="i">Founder:</subfield>
    <subfield code="a">Peck, Linda,</subfield>
    <subfield code="d">1946-2015</subfield>
  </datafield>
  <datafield tag="500" ind1="1" ind2=" ">
    <subfield code="w">r</subfield>
    <subfield code="i">Founder:</subfield>
    <subfield code="a">Gandré, Marilyn,</subfield>
    <subfield code="d">1946-2018</subfield>
  </datafield>
  <datafield tag="670" ind1=" " ind2=" ">
    <subfield code="a">Peck-Gandré. Little Red Riding Hood, ©1988:</subfield>
    <subfield code="b">container (Peck-Gandré; a paper doll from Enchanted Forest Series and story as retold by Peck-Gandré; 4190 South State Street, Salt Lake City, Utah 84107)</subfield>
  </datafield>
  <datafield tag="670" ind1=" " ind2=" ">
    <subfield code="a">Swedin, Karen Boren. Fairytale fantasies, pretty paper dolls with old-fashioned charm and appeal, story in Deseret news, October 23, 1988, viewed online December 31, 2019</subfield>
    <subfield code="b">(Salt Lakers Linda Peck and Marilyn Gandré; Peck-Gandré; Gandré paints the dolls, Peck writes a version of the fairy tale, both of them do the clothing)</subfield>
    <subfield code="u">https://www.deseret.com/1988/10/23/18782235/fairytale-fantasies-br-pretty-paper-dolls-with-old-fashioned-charm-and-appeal</subfield>
  </datafield>
</record>