
<record>
  <leader>02429nz  a2200205n  4500</leader>
  <controlfield tag="001">11256958</controlfield>
  <controlfield tag="003">DLC</controlfield>
  <controlfield tag="005">20200101073008.0</controlfield>
  <controlfield tag="008">191231n| azannaabn          |n aaa     c</controlfield>
  <datafield tag="010" ind1=" " ind2=" ">
    <subfield code="a">no2019191526</subfield>
  </datafield>
  <datafield tag="035" ind1=" " ind2=" ">
    <subfield code="a">(OCoLC)oca12664327</subfield>
  </datafield>
  <datafield tag="040" ind1=" " ind2=" ">
    <subfield code="a">MnMHCL</subfield>
    <subfield code="b">eng</subfield>
    <subfield code="e">rda</subfield>
    <subfield code="c">MnMHCL</subfield>
  </datafield>
  <datafield tag="100" ind1="1" ind2=" ">
    <subfield code="a">Rowe, Andrew</subfield>
    <subfield code="c">(Fantasy fiction writer)</subfield>
  </datafield>
  <datafield tag="372" ind1=" " ind2=" ">
    <subfield code="a">Fantasy fiction</subfield>
    <subfield code="a">Fantasy games</subfield>
    <subfield code="2">lcsh</subfield>
  </datafield>
  <datafield tag="374" ind1=" " ind2=" ">
    <subfield code="a">Authors</subfield>
    <subfield code="a">Video game designers</subfield>
    <subfield code="2">lcsh</subfield>
  </datafield>
  <datafield tag="375" ind1=" " ind2=" ">
    <subfield code="a">Males</subfield>
    <subfield code="2">lcdgt</subfield>
  </datafield>
  <datafield tag="377" ind1=" " ind2=" ">
    <subfield code="a">eng</subfield>
  </datafield>
  <datafield tag="670" ind1=" " ind2=" ">
    <subfield code="a">Rowe, Andrew (Fantasy fiction writer). On the shoulders of Titans, 2018:</subfield>
    <subfield code="b">title page (by Andrew Rowe) about the author (Andrew Rowe was once a professional game designer for awesome companies like Blizzard Entertainment, Cryptic Studios, and Obsidian Entertainment. Nowadays, he&apos;s writing full time.)</subfield>
  </datafield>
  <datafield tag="670" ind1=" " ind2=" ">
    <subfield code="a">Author&apos;s website, viewed December 31, 2019:</subfield>
    <subfield code="b">About (Andrew Rowe is a professional game designer. He&apos;s also worked at awesome companies like Blizzard Entertainment, Cryptic Studios, and Obsidian Entertainment. When he&apos;s not crunching numbers for game balance, he runs Shades of Venaya, a swords and sorcery themed live-action role-playing game. In addition, he writes for pen and paper role-playing games. Aside from game design and writing, Andrew watches a lot of anime, reads a metric ton of fantasy books, and plays every role-playing game he can get his hands on.)</subfield>
    <subfield code="u">https://andrewkrowe.wordpress.com/about/</subfield>
  </datafield>
  <datafield tag="670" ind1=" " ind2=" ">
    <subfield code="a">Bookseriesinorder.com, viewed December 31, 2019:</subfield>
    <subfield code="b">Biography (Andrew Rowe is a self-published author that writes fantasy novels. Rowe is best known for the Sufficiently Advanced Magic Series. Andrew Rowe is a professional game designer. The author has had the opportunity to work with companies like Blizzard Entertainment, and his writing career has grown in tandem with his profession as a game designer ... By 2015, Andrew Rowe had written and published &apos;Forging Divinity&apos;, his first novel. The story for the book was initially intended for a pen-and-paper game that Rowe had been working on. Once he decided to self-publish, Rowe simply built upon the foundations he had planted years earlier, turning what might have been an RPG campaign into a series of novels ... Rowe is also pretty active on the RPG scene. As such, Rowe will spend most days of the week writing for those areas. For that reason, the author tends to reserve the weekends for his novels.)</subfield>
    <subfield code="u">https://www.bookseriesinorder.com/andrew-rowe/</subfield>
  </datafield>
</record>