
<record>
  <leader>00588nz  a2200193n  4500</leader>
  <controlfield tag="001">11256964</controlfield>
  <controlfield tag="003">DLC</controlfield>
  <controlfield tag="005">20200101073008.0</controlfield>
  <controlfield tag="008">191231n| azannaabn          |a aaa     c</controlfield>
  <datafield tag="010" ind1=" " ind2=" ">
    <subfield code="a">no2019191535</subfield>
  </datafield>
  <datafield tag="035" ind1=" " ind2=" ">
    <subfield code="a">(OCoLC)oca12664336</subfield>
  </datafield>
  <datafield tag="040" ind1=" " ind2=" ">
    <subfield code="a">ICrlF</subfield>
    <subfield code="b">eng</subfield>
    <subfield code="e">rda</subfield>
    <subfield code="c">ICrlF</subfield>
  </datafield>
  <datafield tag="046" ind1=" " ind2=" ">
    <subfield code="k">2015</subfield>
    <subfield code="2">edtf</subfield>
  </datafield>
  <datafield tag="100" ind1="1" ind2=" ">
    <subfield code="a">Ribowsky, Mark.</subfield>
    <subfield code="t">Dreams to remember.</subfield>
    <subfield code="s">Spoken word (Miller)</subfield>
  </datafield>
  <datafield tag="336" ind1=" " ind2=" ">
    <subfield code="a">spoken word</subfield>
    <subfield code="b">spw</subfield>
    <subfield code="2">rdacontent</subfield>
  </datafield>
  <datafield tag="377" ind1=" " ind2=" ">
    <subfield code="a">eng</subfield>
  </datafield>
  <datafield tag="381" ind1=" " ind2=" ">
    <subfield code="a">Miller</subfield>
  </datafield>
  <datafield tag="500" ind1="1" ind2=" ">
    <subfield code="w">r</subfield>
    <subfield code="i">Narrator:</subfield>
    <subfield code="a">Miller, Dan John</subfield>
  </datafield>
  <datafield tag="670" ind1=" " ind2=" ">
    <subfield code="a">Ribowsky, Mark. Dreams to remember [SR], ℗2015:</subfield>
    <subfield code="b">container (Read by Dan John Miller)</subfield>
  </datafield>
</record>