
<record>
  <leader>01028nz  a2200181n  4500</leader>
  <controlfield tag="001">11256967</controlfield>
  <controlfield tag="003">DLC</controlfield>
  <controlfield tag="005">20200101073008.0</controlfield>
  <controlfield tag="008">191231n| azannaabn          |b ana     c</controlfield>
  <datafield tag="010" ind1=" " ind2=" ">
    <subfield code="a">no2019191542</subfield>
  </datafield>
  <datafield tag="035" ind1=" " ind2=" ">
    <subfield code="a">(OCoLC)oca12665623</subfield>
  </datafield>
  <datafield tag="040" ind1=" " ind2=" ">
    <subfield code="a">ICU</subfield>
    <subfield code="b">eng</subfield>
    <subfield code="e">rda</subfield>
    <subfield code="c">ICU</subfield>
  </datafield>
  <datafield tag="046" ind1=" " ind2=" ">
    <subfield code="s">2003</subfield>
    <subfield code="2">edtf</subfield>
  </datafield>
  <datafield tag="111" ind1="2" ind2=" ">
    <subfield code="a">Mezhvuzovskiĭ seminar po lingvostranovedenii︠u︡</subfield>
  </datafield>
  <datafield tag="411" ind1="2" ind2=" ">
    <subfield code="a">Межвузовский семинар по лингвострановедению</subfield>
  </datafield>
  <datafield tag="667" ind1=" " ind2=" ">
    <subfield code="a">Non-Latin script reference not evaluated.</subfield>
  </datafield>
  <datafield tag="670" ind1=" " ind2=" ">
    <subfield code="a">Lingvostranovedenie, 2015:</subfield>
    <subfield code="b">title page (Тринадцатый Межвузовский семинар по лингвострановедению = Trinadt︠s︡atyĭ Mezhvuzovskiĭ seminar po lingvostranovedenii︠u︡, 16-17 ii︠u︡ni︠a︡ 2015 g.)</subfield>
  </datafield>
  <datafield tag="670" ind1=" " ind2=" ">
    <subfield code="a">O mezhvuzovskom seminare &quot;Lingvostranovedenie: metody analiza, tekhnologii︠a︡ obuchenii︠a︡&quot;, viewed December 31, 2019:</subfield>
    <subfield code="b">(seminar organized by the Moscow State Institute of International Relations (University), first held in 2003)</subfield>
  </datafield>
</record>