
<record>
  <leader>00617nz  a2200157n  4500</leader>
  <controlfield tag="001">11256969</controlfield>
  <controlfield tag="003">DLC</controlfield>
  <controlfield tag="005">20200101073009.0</controlfield>
  <controlfield tag="008">191231n| azannaabn          |a aaa     c</controlfield>
  <datafield tag="010" ind1=" " ind2=" ">
    <subfield code="a">no2019191552</subfield>
  </datafield>
  <datafield tag="035" ind1=" " ind2=" ">
    <subfield code="a">(OCoLC)oca12665963</subfield>
  </datafield>
  <datafield tag="040" ind1=" " ind2=" ">
    <subfield code="a">NmSSL</subfield>
    <subfield code="b">eng</subfield>
    <subfield code="e">rda</subfield>
    <subfield code="c">NmSSL</subfield>
  </datafield>
  <datafield tag="100" ind1="1" ind2=" ">
    <subfield code="a">Sierra Corona, Rodrigo</subfield>
  </datafield>
  <datafield tag="372" ind1=" " ind2=" ">
    <subfield code="a">Ecologists</subfield>
    <subfield code="a">Conservationists</subfield>
    <subfield code="a">Photographers</subfield>
    <subfield code="2">lcdgt</subfield>
  </datafield>
  <datafield tag="400" ind1="1" ind2=" ">
    <subfield code="a">Corona, Rodrigo Sierra</subfield>
  </datafield>
  <datafield tag="670" ind1=" " ind2=" ">
    <subfield code="a">Berman, Michael P. Perdido, 2019:</subfield>
    <subfield code="b">title page (Rodrigo Sierra Corona) page 194 (ecologist, conservationist, documentary photographer; director of stewardship at Santa Lucia Conservancy in Carmel, California)</subfield>
  </datafield>
</record>