
<record>
  <leader>00858nz  a2200217n  4500</leader>
  <controlfield tag="001">11256970</controlfield>
  <controlfield tag="003">DLC</controlfield>
  <controlfield tag="005">20200101073009.0</controlfield>
  <controlfield tag="008">191231n| azannaabn          |b aaa     c</controlfield>
  <datafield tag="010" ind1=" " ind2=" ">
    <subfield code="a">no2019191553</subfield>
  </datafield>
  <datafield tag="035" ind1=" " ind2=" ">
    <subfield code="a">(OCoLC)oca12665964</subfield>
  </datafield>
  <datafield tag="040" ind1=" " ind2=" ">
    <subfield code="a">ICrlF</subfield>
    <subfield code="b">eng</subfield>
    <subfield code="e">rda</subfield>
    <subfield code="c">ICrlF</subfield>
  </datafield>
  <datafield tag="046" ind1=" " ind2=" ">
    <subfield code="k">2019</subfield>
    <subfield code="2">edtf</subfield>
  </datafield>
  <datafield tag="100" ind1="1" ind2=" ">
    <subfield code="a">Riordan, Rick.</subfield>
    <subfield code="t">Camp Half-Blood confidential.</subfield>
    <subfield code="l">Chinese</subfield>
  </datafield>
  <datafield tag="377" ind1=" " ind2=" ">
    <subfield code="a">chi</subfield>
  </datafield>
  <datafield tag="381" ind1=" " ind2=" ">
    <subfield code="a">Jiang</subfield>
  </datafield>
  <datafield tag="400" ind1="1" ind2=" ">
    <subfield code="a">Riordan, Rick.</subfield>
    <subfield code="t">Hun xue ying gong lüe</subfield>
  </datafield>
  <datafield tag="400" ind1="1" ind2=" ">
    <subfield code="a">Riordan, Rick.</subfield>
    <subfield code="t">混血营攻略</subfield>
  </datafield>
  <datafield tag="667" ind1=" " ind2=" ">
    <subfield code="a">Non-Latin script references not evaluated.</subfield>
  </datafield>
  <datafield tag="670" ind1=" " ind2=" ">
    <subfield code="a">Riordan, Rick. Hun xue ying gong lüe, ©2019 :</subfield>
    <subfield code="b">colophon (original title: Camp Half-Blood confidential ; traditional Chinese edition)</subfield>
  </datafield>
  <datafield tag="670" ind1=" " ind2=" ">
    <subfield code="a">OCLC, Dec. 31, 2019</subfield>
    <subfield code="b">(混血营攻略 = Hun xue ying gong lüe = Camp Half-Blood confidential / Rick Riordan ; Jiang Kunshan, translator)</subfield>
  </datafield>
</record>