
<record>
  <leader>00668nz  a2200169n  4500</leader>
  <controlfield tag="001">11256973</controlfield>
  <controlfield tag="003">DLC</controlfield>
  <controlfield tag="005">20200101073009.0</controlfield>
  <controlfield tag="008">191231n| azannaabn          |a aaa     c</controlfield>
  <datafield tag="010" ind1=" " ind2=" ">
    <subfield code="a">no2019191562</subfield>
  </datafield>
  <datafield tag="035" ind1=" " ind2=" ">
    <subfield code="a">(OCoLC)oca12665973</subfield>
  </datafield>
  <datafield tag="040" ind1=" " ind2=" ">
    <subfield code="a">ICrlF</subfield>
    <subfield code="b">eng</subfield>
    <subfield code="e">rda</subfield>
    <subfield code="c">ICrlF</subfield>
  </datafield>
  <datafield tag="046" ind1=" " ind2=" ">
    <subfield code="k">1991</subfield>
    <subfield code="2">edtf</subfield>
  </datafield>
  <datafield tag="100" ind1="1" ind2=" ">
    <subfield code="a">Akiyama, Nobuo.</subfield>
    <subfield code="t">Japanese grammar</subfield>
  </datafield>
  <datafield tag="400" ind1="1" ind2=" ">
    <subfield code="a">Akiyama, Nobuo.</subfield>
    <subfield code="t">Pocket Japanese grammar</subfield>
  </datafield>
  <datafield tag="670" ind1=" " ind2=" ">
    <subfield code="a">Akiyama, Nobuo. Pocket Japanese grammar, 2020:</subfield>
    <subfield code="b">t.p. (fourth edition) t.p. verso (Copyright © 2020, 2012, 2002, 1991 by Kaplan, Inc. d/b/a Barron&apos;s Educational Series)</subfield>
  </datafield>
  <datafield tag="670" ind1=" " ind2=" ">
    <subfield code="a">OCLC, viewed Dec. 30, 2019</subfield>
    <subfield code="b">(Japanese grammar / Nobuo Akiyama ; © 2012, 2002, 1991)</subfield>
  </datafield>
</record>