
<record>
  <leader>01116nz  a2200241n  4500</leader>
  <controlfield tag="001">11256974</controlfield>
  <controlfield tag="003">DLC</controlfield>
  <controlfield tag="005">20200101073009.0</controlfield>
  <controlfield tag="008">191231n| azannaabn          |a aaa     c</controlfield>
  <datafield tag="010" ind1=" " ind2=" ">
    <subfield code="a">no2019191563</subfield>
  </datafield>
  <datafield tag="035" ind1=" " ind2=" ">
    <subfield code="a">(OCoLC)oca12665974</subfield>
  </datafield>
  <datafield tag="040" ind1=" " ind2=" ">
    <subfield code="a">UOr</subfield>
    <subfield code="b">eng</subfield>
    <subfield code="e">rda</subfield>
    <subfield code="c">UOr</subfield>
  </datafield>
  <datafield tag="046" ind1=" " ind2=" ">
    <subfield code="f">1970-08-17</subfield>
    <subfield code="2">edtf</subfield>
  </datafield>
  <datafield tag="100" ind1="1" ind2=" ">
    <subfield code="a">Golding, Bob,</subfield>
    <subfield code="d">1970-</subfield>
  </datafield>
  <datafield tag="370" ind1=" " ind2=" ">
    <subfield code="a">Cambridge (England)</subfield>
    <subfield code="2">naf</subfield>
  </datafield>
  <datafield tag="372" ind1=" " ind2=" ">
    <subfield code="a">Television</subfield>
    <subfield code="a">Radio</subfield>
    <subfield code="a">Theater</subfield>
    <subfield code="a">Rhythm and blues music</subfield>
    <subfield code="2">lcsh</subfield>
  </datafield>
  <datafield tag="374" ind1=" " ind2=" ">
    <subfield code="a">Actors</subfield>
    <subfield code="a">Voice actors and actresses</subfield>
    <subfield code="a">Musicians</subfield>
    <subfield code="2">lcsh</subfield>
  </datafield>
  <datafield tag="375" ind1=" " ind2=" ">
    <subfield code="a">Males</subfield>
    <subfield code="2">lcdgt</subfield>
  </datafield>
  <datafield tag="377" ind1=" " ind2=" ">
    <subfield code="a">eng</subfield>
  </datafield>
  <datafield tag="400" ind1="1" ind2=" ">
    <subfield code="a">Golding, Robert John,</subfield>
    <subfield code="d">1970-</subfield>
  </datafield>
  <datafield tag="670" ind1=" " ind2=" ">
    <subfield code="a">Thomas &amp; friends. Dinos &amp; discoveries, 2015:</subfield>
    <subfield code="b">title frame (Bob Golding, voice cast)</subfield>
  </datafield>
  <datafield tag="670" ind1=" " ind2=" ">
    <subfield code="a">IMDb, December 30, 2019</subfield>
    <subfield code="b">(Bob Golding, actor, voice actor; active in television since late 1990s; also has worked in radio; fuller form of name, Robert John Golding)</subfield>
  </datafield>
  <datafield tag="670" ind1=" " ind2=" ">
    <subfield code="a">Wikipedia, via WWW, December 30, 2019</subfield>
    <subfield code="b">(Bob Golding, English actor; born August 17, 1970, as Robert John Golding, in Cambridge, England; also active in theater and runs his own soul, rhythm and blues band, The Guild of Thieves)</subfield>
  </datafield>
</record>