
<record>
  <leader>01351nz  a2200265n  4500</leader>
  <controlfield tag="001">11256981</controlfield>
  <controlfield tag="003">DLC</controlfield>
  <controlfield tag="005">20200101073009.0</controlfield>
  <controlfield tag="008">191231n| azannaabn          |n aaa     c</controlfield>
  <datafield tag="010" ind1=" " ind2=" ">
    <subfield code="a">no2019191571</subfield>
  </datafield>
  <datafield tag="035" ind1=" " ind2=" ">
    <subfield code="a">(OCoLC)oca12665982</subfield>
  </datafield>
  <datafield tag="040" ind1=" " ind2=" ">
    <subfield code="a">NdU</subfield>
    <subfield code="b">eng</subfield>
    <subfield code="e">rda</subfield>
    <subfield code="c">NdU</subfield>
  </datafield>
  <datafield tag="046" ind1=" " ind2=" ">
    <subfield code="f">19790409</subfield>
    <subfield code="2">edtf</subfield>
  </datafield>
  <datafield tag="100" ind1="1" ind2=" ">
    <subfield code="a">Anderson, April Gonzalez,</subfield>
    <subfield code="d">1979-</subfield>
  </datafield>
  <datafield tag="370" ind1=" " ind2=" ">
    <subfield code="c">United States</subfield>
    <subfield code="e">Fargo (N.D.)</subfield>
    <subfield code="2">naf</subfield>
  </datafield>
  <datafield tag="372" ind1=" " ind2=" ">
    <subfield code="a">Public administration</subfield>
    <subfield code="a">Law</subfield>
    <subfield code="2">lcsh</subfield>
  </datafield>
  <datafield tag="373" ind1=" " ind2=" ">
    <subfield code="a">University of North Dakota</subfield>
    <subfield code="2">naf</subfield>
    <subfield code="s">2001</subfield>
    <subfield code="t">2003</subfield>
  </datafield>
  <datafield tag="373" ind1=" " ind2=" ">
    <subfield code="a">University of North Dakota. School of Law</subfield>
    <subfield code="2">naf</subfield>
    <subfield code="s">2015</subfield>
    <subfield code="t">2018</subfield>
  </datafield>
  <datafield tag="374" ind1=" " ind2=" ">
    <subfield code="a">Graduate students</subfield>
    <subfield code="s">2001</subfield>
    <subfield code="t">2003</subfield>
    <subfield code="2">lcdgt</subfield>
  </datafield>
  <datafield tag="374" ind1=" " ind2=" ">
    <subfield code="a">Law students</subfield>
    <subfield code="s">2015</subfield>
    <subfield code="t">2018</subfield>
  </datafield>
  <datafield tag="375" ind1=" " ind2=" ">
    <subfield code="a">Females</subfield>
    <subfield code="2">lcdgt</subfield>
  </datafield>
  <datafield tag="377" ind1=" " ind2=" ">
    <subfield code="a">eng</subfield>
  </datafield>
  <datafield tag="670" ind1=" " ind2=" ">
    <subfield code="a">Gonzalez, April Rica. Federalism, 2002</subfield>
    <subfield code="b">(April Rica Gonzalez)</subfield>
  </datafield>
  <datafield tag="670" ind1=" " ind2=" ">
    <subfield code="a">ConnectND website, viewed on December 31, 2019</subfield>
    <subfield code="b">(April Gonzalez Anderson; born April 9, 1979; female; addresses: Fargo, ND; enrolled at the University of North Dakota as a graduate from 2001 to 2003 earning a M. P. A. in Public Administration; enrolled in University of North Dakota Law School from 2015 to 2018 earning a J.D. in Law)</subfield>
  </datafield>
  <datafield tag="670" ind1=" " ind2=" ">
    <subfield code="a">Inforum website, viewed on December 31, 2019</subfield>
    <subfield code="b">Milestones: Anderson-Gonzalez (April Rica Gonzalez and Tyler Jon Anderson married)</subfield>
    <subfield code="u">https://www.inforum.com/milestones/weddings/2758954-anderson-gonzalez?amp</subfield>
  </datafield>
</record>