
<record>
  <leader>00473nz  a2200157n  4500</leader>
  <controlfield tag="001">11256986</controlfield>
  <controlfield tag="003">DLC</controlfield>
  <controlfield tag="005">20200101073009.0</controlfield>
  <controlfield tag="008">191231n| azannaabn          |n aaa     c</controlfield>
  <datafield tag="010" ind1=" " ind2=" ">
    <subfield code="a">no2019191576</subfield>
  </datafield>
  <datafield tag="035" ind1=" " ind2=" ">
    <subfield code="a">(OCoLC)oca12665987</subfield>
  </datafield>
  <datafield tag="040" ind1=" " ind2=" ">
    <subfield code="a">ICrlF</subfield>
    <subfield code="b">eng</subfield>
    <subfield code="e">rda</subfield>
    <subfield code="c">ICrlF</subfield>
  </datafield>
  <datafield tag="046" ind1=" " ind2=" ">
    <subfield code="k">2019</subfield>
    <subfield code="2">edtf</subfield>
  </datafield>
  <datafield tag="100" ind1="1" ind2=" ">
    <subfield code="a">Carlson, Richard,</subfield>
    <subfield code="c">Jr.</subfield>
    <subfield code="t">My feelings are hurt.</subfield>
    <subfield code="l">Persian</subfield>
  </datafield>
  <datafield tag="377" ind1=" " ind2=" ">
    <subfield code="a">per</subfield>
  </datafield>
  <datafield tag="670" ind1=" " ind2=" ">
    <subfield code="a">Carlson, Richard, Jr. My feelings are hurt, 2019 :</subfield>
    <subfield code="b">title page (parallel title in Persian)</subfield>
  </datafield>
</record>