
<record>
  <leader>00584nz  a2200181n  4500</leader>
  <controlfield tag="001">11256987</controlfield>
  <controlfield tag="003">DLC</controlfield>
  <controlfield tag="005">20200101073009.0</controlfield>
  <controlfield tag="008">191231n| azannaabn          |a aaa     c</controlfield>
  <datafield tag="010" ind1=" " ind2=" ">
    <subfield code="a">no2019191577</subfield>
  </datafield>
  <datafield tag="035" ind1=" " ind2=" ">
    <subfield code="a">(OCoLC)oca12665988</subfield>
  </datafield>
  <datafield tag="040" ind1=" " ind2=" ">
    <subfield code="a">ICrlF</subfield>
    <subfield code="b">eng</subfield>
    <subfield code="e">rda</subfield>
    <subfield code="c">ICrlF</subfield>
  </datafield>
  <datafield tag="100" ind1="1" ind2=" ">
    <subfield code="a">Shannon, Samantha,</subfield>
    <subfield code="d">1991-</subfield>
    <subfield code="t">Priory of the orange tree.</subfield>
    <subfield code="l">Spanish</subfield>
  </datafield>
  <datafield tag="377" ind1=" " ind2=" ">
    <subfield code="a">spa</subfield>
  </datafield>
  <datafield tag="381" ind1=" " ind2=" ">
    <subfield code="a">Rizzo</subfield>
  </datafield>
  <datafield tag="400" ind1="1" ind2=" ">
    <subfield code="a">Shannon, Samantha,</subfield>
    <subfield code="d">1991-</subfield>
    <subfield code="t">Priorato del Naranjo</subfield>
  </datafield>
  <datafield tag="500" ind1="1" ind2=" ">
    <subfield code="w">r</subfield>
    <subfield code="i">Translator:</subfield>
    <subfield code="a">Rizzo, Jorge</subfield>
  </datafield>
  <datafield tag="670" ind1=" " ind2=" ">
    <subfield code="a">Shannon, Samantha. El Priorato del Naranjo, 2019:</subfield>
    <subfield code="b">title page (Translated by Jorge Rizzo)</subfield>
  </datafield>
</record>