
<record>
  <leader>01245nz  a2200229n  4500</leader>
  <controlfield tag="001">11256988</controlfield>
  <controlfield tag="003">DLC</controlfield>
  <controlfield tag="005">20200101073010.0</controlfield>
  <controlfield tag="008">191231n| azannaabn          |b aaa     c</controlfield>
  <datafield tag="010" ind1=" " ind2=" ">
    <subfield code="a">no2019191578</subfield>
  </datafield>
  <datafield tag="035" ind1=" " ind2=" ">
    <subfield code="a">(OCoLC)oca12665989</subfield>
  </datafield>
  <datafield tag="040" ind1=" " ind2=" ">
    <subfield code="a">ICU</subfield>
    <subfield code="b">eng</subfield>
    <subfield code="e">rda</subfield>
    <subfield code="c">ICU</subfield>
  </datafield>
  <datafield tag="100" ind1="1" ind2=" ">
    <subfield code="a">Isaeva, N. V.</subfield>
    <subfield code="q">(Nina Valentinovna)</subfield>
  </datafield>
  <datafield tag="372" ind1=" " ind2=" ">
    <subfield code="a">Law--History--Study and teaching</subfield>
    <subfield code="2">lcsh</subfield>
  </datafield>
  <datafield tag="373" ind1=" " ind2=" ">
    <subfield code="a">Ivanovskiĭ gosudarstvennyĭ universitet. I︠U︡ridicheskiĭ fakulʹtet</subfield>
    <subfield code="2">naf</subfield>
  </datafield>
  <datafield tag="374" ind1=" " ind2=" ">
    <subfield code="a">Historians</subfield>
    <subfield code="a">College teachers</subfield>
    <subfield code="2">lcsh</subfield>
  </datafield>
  <datafield tag="377" ind1=" " ind2=" ">
    <subfield code="a">rus</subfield>
  </datafield>
  <datafield tag="400" ind1="1" ind2=" ">
    <subfield code="a">Isaeva, Nina Valentinovna</subfield>
  </datafield>
  <datafield tag="400" ind1="1" ind2=" ">
    <subfield code="a">Исаева, Н. В.</subfield>
    <subfield code="q">(Нина Валентиновна)</subfield>
  </datafield>
  <datafield tag="667" ind1=" " ind2=" ">
    <subfield code="a">Non-Latin script reference not evaluated.</subfield>
  </datafield>
  <datafield tag="670" ind1=" " ind2=" ">
    <subfield code="a">Pravovoe gosudarstvo i grazhdanskoe obshchestvo, 2013:</subfield>
    <subfield code="b">title page verso (Н.В. Исаева = N.V. Isaeva) page 250 (Candidate of History, associate professor and head of Department of Constitutional, Administrative and Financial Law of the Ivanovo State University)</subfield>
  </datafield>
  <datafield tag="670" ind1=" " ind2=" ">
    <subfield code="a">Ivanovskiĭ gosudarstvennyĭ universitet WWW site, December 31, 2019:</subfield>
    <subfield code="b">&quot;Kafedra konstitut︠s︡ionnogo prava i prav cheloveka&quot; webpage (Isaeva Nina Valentinovna, head of Department of Constitutional Law and Human Rights, Ivanovo State University)</subfield>
  </datafield>
</record>