
<record>
  <leader>00763nz  a2200193n  4500</leader>
  <controlfield tag="001">11256991</controlfield>
  <controlfield tag="003">DLC</controlfield>
  <controlfield tag="005">20200101073010.0</controlfield>
  <controlfield tag="008">191231n| azannaabn          |n aaa     c</controlfield>
  <datafield tag="010" ind1=" " ind2=" ">
    <subfield code="a">no2019191582</subfield>
  </datafield>
  <datafield tag="035" ind1=" " ind2=" ">
    <subfield code="a">(OCoLC)oca12665993</subfield>
  </datafield>
  <datafield tag="040" ind1=" " ind2=" ">
    <subfield code="a">ICrlF</subfield>
    <subfield code="b">eng</subfield>
    <subfield code="e">rda</subfield>
    <subfield code="c">ICrlF</subfield>
  </datafield>
  <datafield tag="100" ind1="1" ind2=" ">
    <subfield code="a">McCoy, Chris</subfield>
  </datafield>
  <datafield tag="370" ind1=" " ind2=" ">
    <subfield code="e">Liverpool (England)</subfield>
    <subfield code="2">naf</subfield>
  </datafield>
  <datafield tag="372" ind1=" " ind2=" ">
    <subfield code="a">Comic books, strips, etc.</subfield>
    <subfield code="2">lcsh</subfield>
  </datafield>
  <datafield tag="374" ind1=" " ind2=" ">
    <subfield code="a">Authors</subfield>
    <subfield code="a">Illustrators</subfield>
    <subfield code="2">lcsh</subfield>
  </datafield>
  <datafield tag="375" ind1=" " ind2=" ">
    <subfield code="a">Males</subfield>
    <subfield code="2">lcdgt</subfield>
  </datafield>
  <datafield tag="377" ind1=" " ind2=" ">
    <subfield code="a">eng</subfield>
  </datafield>
  <datafield tag="670" ind1=" " ind2=" ">
    <subfield code="a">McCoy, Chris. Safely endangered comics, 2019:</subfield>
    <subfield code="b">title page (Chris McCoy) back cover (&quot;Chris McCoy is a comic creator based in his hometown of Liverpool, UK. He spent his childhood drawing pictures in the back of schoolbooks. Now he spends his adulthood drawing pictures on the Internet.&quot;)</subfield>
  </datafield>
</record>