
<record>
  <leader>01007nz  a2200193n  4500</leader>
  <controlfield tag="001">11256995</controlfield>
  <controlfield tag="003">DLC</controlfield>
  <controlfield tag="005">20200101073010.0</controlfield>
  <controlfield tag="008">191231n| azannaabn          |n aaa     c</controlfield>
  <datafield tag="010" ind1=" " ind2=" ">
    <subfield code="a">no2019191592</subfield>
  </datafield>
  <datafield tag="035" ind1=" " ind2=" ">
    <subfield code="a">(OCoLC)oca12666003</subfield>
  </datafield>
  <datafield tag="040" ind1=" " ind2=" ">
    <subfield code="a">WaBeW</subfield>
    <subfield code="b">eng</subfield>
    <subfield code="e">rda</subfield>
    <subfield code="c">WaBeW</subfield>
  </datafield>
  <datafield tag="100" ind1="1" ind2=" ">
    <subfield code="a">Martin, Elizabeth</subfield>
    <subfield code="c">(Biologist)</subfield>
  </datafield>
  <datafield tag="370" ind1=" " ind2=" ">
    <subfield code="f">Gainesville (Fla.)</subfield>
    <subfield code="2">naf</subfield>
  </datafield>
  <datafield tag="372" ind1=" " ind2=" ">
    <subfield code="a">Biodiversity</subfield>
    <subfield code="a">Zoology</subfield>
    <subfield code="2">lcsh</subfield>
  </datafield>
  <datafield tag="373" ind1=" " ind2=" ">
    <subfield code="a">USGS Core Science Analytics &amp; Synthesis Program</subfield>
    <subfield code="2">naf</subfield>
  </datafield>
  <datafield tag="374" ind1=" " ind2=" ">
    <subfield code="a">Biologists</subfield>
    <subfield code="2">lcsh</subfield>
  </datafield>
  <datafield tag="670" ind1=" " ind2=" ">
    <subfield code="a">The United States Geological Survey science data lifecycle model, 2013:</subfield>
    <subfield code="b">title page (Elizabeth Martin)</subfield>
  </datafield>
  <datafield tag="670" ind1=" " ind2=" ">
    <subfield code="a">USGS.gov, December 31, 2019:</subfield>
    <subfield code="b">Elizabeth Martin (biologist/information specialist; expertise includes biodiversity, data management, and zoology; works for the Science Analytics and Synthesis Program within the United States Geological Survey in Gainesville, Florida)</subfield>
    <subfield code="u">https://www.usgs.gov/staff-profiles/elizabeth-martin?qt-staff_profile_science_products=3#qt-staff_profile_science_products</subfield>
  </datafield>
</record>