
<record>
  <leader>00645nz  a2200181n  4500</leader>
  <controlfield tag="001">11256996</controlfield>
  <controlfield tag="003">DLC</controlfield>
  <controlfield tag="005">20200101073010.0</controlfield>
  <controlfield tag="008">191231n| azannaabn          |n aaa      </controlfield>
  <datafield tag="010" ind1=" " ind2=" ">
    <subfield code="a">no2019191593</subfield>
  </datafield>
  <datafield tag="035" ind1=" " ind2=" ">
    <subfield code="a">(OCoLC)oca12666004</subfield>
  </datafield>
  <datafield tag="040" ind1=" " ind2=" ">
    <subfield code="a">DNAL</subfield>
    <subfield code="b">eng</subfield>
    <subfield code="e">rda</subfield>
    <subfield code="c">DNAL</subfield>
  </datafield>
  <datafield tag="100" ind1="1" ind2=" ">
    <subfield code="a">Vardar, Filiz</subfield>
  </datafield>
  <datafield tag="370" ind1=" " ind2=" ">
    <subfield code="c">Turkey</subfield>
    <subfield code="f">Istanbul (Turkey)</subfield>
    <subfield code="2">naf</subfield>
  </datafield>
  <datafield tag="372" ind1=" " ind2=" ">
    <subfield code="a">Biology</subfield>
    <subfield code="2">lcsh</subfield>
  </datafield>
  <datafield tag="373" ind1=" " ind2=" ">
    <subfield code="a">Marmara Üniversitesi</subfield>
    <subfield code="2">naf</subfield>
  </datafield>
  <datafield tag="374" ind1=" " ind2=" ">
    <subfield code="a">University and college faculty members</subfield>
    <subfield code="2">lcdgt</subfield>
  </datafield>
  <datafield tag="670" ind1=" " ind2=" ">
    <subfield code="a">Recent advances in plant science, 2019:</subfield>
    <subfield code="b">CIP data view (Filiz Vardar; Marmara University, Faculty of Science and Arts, Department of Biology, Kadıkoy, Istanbul, Turkey)</subfield>
  </datafield>
</record>