
<record>
  <leader>00762nz  a2200205n  4500</leader>
  <controlfield tag="001">11257003</controlfield>
  <controlfield tag="003">DLC</controlfield>
  <controlfield tag="005">20200101073010.0</controlfield>
  <controlfield tag="008">191231n| azannaabn           n aaa     c</controlfield>
  <datafield tag="010" ind1=" " ind2=" ">
    <subfield code="a">no2019191606</subfield>
  </datafield>
  <datafield tag="035" ind1=" " ind2=" ">
    <subfield code="a">(OCoLC)oca12666017</subfield>
  </datafield>
  <datafield tag="040" ind1=" " ind2=" ">
    <subfield code="a">CtWfDGI</subfield>
    <subfield code="b">eng</subfield>
    <subfield code="e">rda</subfield>
    <subfield code="c">CtWfDGI</subfield>
  </datafield>
  <datafield tag="100" ind1="1" ind2=" ">
    <subfield code="a">Swayne, Robert W.</subfield>
  </datafield>
  <datafield tag="372" ind1=" " ind2=" ">
    <subfield code="a">Command of troops</subfield>
    <subfield code="a">Leadership</subfield>
    <subfield code="2">lcsh</subfield>
  </datafield>
  <datafield tag="373" ind1=" " ind2=" ">
    <subfield code="a">United States Army Infantry School</subfield>
    <subfield code="2">naf</subfield>
  </datafield>
  <datafield tag="374" ind1=" " ind2=" ">
    <subfield code="a">Armed Forces--Officers</subfield>
    <subfield code="2">lcsh</subfield>
  </datafield>
  <datafield tag="375" ind1=" " ind2=" ">
    <subfield code="a">Males</subfield>
    <subfield code="2">lcdgt</subfield>
  </datafield>
  <datafield tag="377" ind1=" " ind2=" ">
    <subfield code="a">eng</subfield>
  </datafield>
  <datafield tag="670" ind1=" " ind2=" ">
    <subfield code="a">Swayne, R. Medical support within the battle group, [1960]:</subfield>
    <subfield code="b">title leaf (Robert W. Swayne)</subfield>
  </datafield>
  <datafield tag="670" ind1=" " ind2=" ">
    <subfield code="a">Email communication with US Army MCoE HQ Donovan Research Library, October 2017</subfield>
    <subfield code="b">(One of a set of papers prepared by students of the Infantry School.)</subfield>
  </datafield>
</record>