
<record>
  <leader>01204nz  a2200241n  4500</leader>
  <controlfield tag="001">11257006</controlfield>
  <controlfield tag="003">DLC</controlfield>
  <controlfield tag="005">20200101073010.0</controlfield>
  <controlfield tag="008">191231n| azannaabn          |n aaa     c</controlfield>
  <datafield tag="010" ind1=" " ind2=" ">
    <subfield code="a">no2019191613</subfield>
  </datafield>
  <datafield tag="035" ind1=" " ind2=" ">
    <subfield code="a">(OCoLC)oca12666024</subfield>
  </datafield>
  <datafield tag="040" ind1=" " ind2=" ">
    <subfield code="a">UOr</subfield>
    <subfield code="b">eng</subfield>
    <subfield code="e">rda</subfield>
    <subfield code="c">UOr</subfield>
  </datafield>
  <datafield tag="046" ind1=" " ind2=" ">
    <subfield code="f">1980-05-18</subfield>
    <subfield code="2">edtf</subfield>
  </datafield>
  <datafield tag="100" ind1="1" ind2=" ">
    <subfield code="a">Mosley, Joshua R.,</subfield>
    <subfield code="d">1980-</subfield>
  </datafield>
  <datafield tag="370" ind1=" " ind2=" ">
    <subfield code="a">Tarzana (Los Angeles, Calif.)</subfield>
    <subfield code="e">Temecula (Calif.)</subfield>
    <subfield code="2">naf</subfield>
  </datafield>
  <datafield tag="372" ind1=" " ind2=" ">
    <subfield code="a">Composition (Music)</subfield>
    <subfield code="a">Motion pictures</subfield>
    <subfield code="a">Television</subfield>
    <subfield code="a">Video games</subfield>
    <subfield code="2">lcsh</subfield>
  </datafield>
  <datafield tag="374" ind1=" " ind2=" ">
    <subfield code="a">Composers</subfield>
    <subfield code="a">Film composers</subfield>
    <subfield code="a">Television composers</subfield>
    <subfield code="a">Video game composers</subfield>
    <subfield code="2">lcsh</subfield>
  </datafield>
  <datafield tag="375" ind1=" " ind2=" ">
    <subfield code="a">Males</subfield>
    <subfield code="2">lcdgt</subfield>
  </datafield>
  <datafield tag="377" ind1=" " ind2=" ">
    <subfield code="a">eng</subfield>
  </datafield>
  <datafield tag="378" ind1=" " ind2=" ">
    <subfield code="q">Joshua Robert</subfield>
  </datafield>
  <datafield tag="670" ind1=" " ind2=" ">
    <subfield code="a">Bernie the dolphin 2, 2019:</subfield>
    <subfield code="b">title frame (music by Joshua R. Mosley)</subfield>
  </datafield>
  <datafield tag="670" ind1=" " ind2=" ">
    <subfield code="a">IMDb, December 30, 2019</subfield>
    <subfield code="b">(Joshua Mosley, composer, musician; born May 18, 1980, in Tarzana, California, as Joshua Robert Mosley; active in film and television since about 2006)</subfield>
  </datafield>
  <datafield tag="670" ind1=" " ind2=" ">
    <subfield code="a">Joshua R. Mosley personal website, via WWW, December 30, 2019</subfield>
    <subfield code="b">(Joshua R. Mosley; studied at The Pacific Northwest Film Scoring program; worked at Soundrama; founded Selah Productions LLC; works in film, television, and video games; resides in Temecula, California)</subfield>
  </datafield>
</record>
</collection>
